2916 4906
99 276 167 332 cm.
182 269 264 338 ιιι]
340 267 941 335 un1nnracrsrscu1orve,erc.
1134 259 1199 328 347

100 462 169 505 cum
192 459 308 528 magna
330 435 538 501 innocentium
559 443 686 524 strage:
712 434 790 499 nihil
817 435 899 500 enim
928 434 957 500 ei
982 434 1198 523 imputandum

102 549 158 615 est,
186 539 240 625 qui
267 536 386 602 mavult
413 557 451 600 ea
475 534 596 599 ratione
623 542 754 610 certare,
780 557 851 620 quae
872 557 959 621 spem
981 534 1040 622 ipsi
1063 534 1198 599 maxime

101 638 292 726 probabilem
316 643 459 701 ostentat.
512 633 631 699 Sedet
655 634 715 699 hoc
739 656 848 699 verum
874 643 931 710 cst,
958 634 1100 720 quaedam
1127 655 1197 720 qum

101 760 163 803 non
180 747 265 803 recte
281 735 369 811 fiunt,
385 735 425 799 sb
442 732 511 799 aliis
523 742 628 799 ιοοιοιι
639 743 726 799 recte
742 755 805 798 non
821 733 957 820 probari,
975 734 1030 799 sed
1047 733 1196 821 permitti,

100 845 137 902 ut
153 836 301 924 graviore
316 834 407 909 mala,
421 855 492 919 quae
503 833 595 899 aliter
612 832 706 899 vitari
722 855 784 897 non
801 842 939 919 possunt,
953 832 1104 899 vitentur:
1123 855 1197 922 quo-

100 937 193 1001 modo
209 934 314 1000 multis
329 933 362 998 in
378 932 453 998 locis
469 932 645 999 tolerantur
662 941 695 999 et
712 931 855 1020 improba
875 931 994 1011 fenora,
1017 940 1051 998 et
1065 931 1198 1020 impudi-

102 1035 206 1101 citiam
223 1034 372 1122 professae
387 1031 541 1097 mulieres.

174 1139 195 1200 5
231 1134 323 1212 Quod
345 1153 422 1220 ergo
443 1153 539 1218 supra
563 1130 697 1196 diximus
717 1153 786 1196 cum
810 1132 850 1197 de
871 1129 1091 1219 praeveniendo
1114 1129 1197 1196 bello
1210 1153 1256 1246 pp.
1265 1153 1286 1192 n
1295 1154 1325 1193 sa.

102 1242 259 1322 ageretur,
286 1255 311 1296 οι
301 1231 400 1308 duo,
424 1253 500 1317 quos
517 1231 600 1296 inter
616 1231 656 1296 de
672 1252 770 1318 regno
788 1230 999 1296 controversia
1015 1239 1073 1307 est,
1093 1231 1243 1343 perstid¹¹
1210 1198 1361 1339 ahs-:m

101 1333 163 1398 sint
179 1333 262 1398 inter
279 1353 312 1397 se
328 1329 423 1395 ermis
440 1351 576 1407 cernere,
603 1329 670 1417 pati
689 1327 723 1394 id
744 1351 835 1417 posse
857 1319 1014 1417 populum,
1039 1338 1075 1395 ut
1095 1329 1251 1415 mejor¹¹
1210 1340 1258 1376 2¹¹·
1242 1303 1300 1377 ¹⁸

27 1428 32 1436 ’
102 1432 261 1497 calamitas
278 1429 436 1516 ceteroqui
461 1429 622 1494 imminens
638 1429 793 1496 evitetur:
818 1427 1046 1504 idemettcum
1063 1428 1197 1494 debello

102 1531 238 1597 finiendo
257 1530 372 1618 agitur,
397 1528 561 1594 dicendum
584 1527 654 1594 erit.
702 1527 884 1606 ‘Quomodo
904 1527 1073 1615 Assyrium
1091 1549 1198 1616 regem

105 1631 210 1716 Cyrus
228 1627 428 1715 provocavit:
454 1636 486 1693 et
503 1628 588 1714 apud
605 1627 790 1715 Dionysium
808 1626 1114 1693 Halicarnassensem
1131 1629 1199 1693 Me-
1212 1629 1336 1688 οιιιίιιιι
1353 1626 1357 1632 ’

103 1729 166 1793 tius
181 1728 236 1802 ait,
254 1749 316 1791 non
328 1726 466 1811 iniquum
483 1725 586 1802 fuisse,
599 1719 655 1791 bnt
665 1727 724 1814 ipsi
739 1726 893 1812 principes
906 1726 1089 1813 populorum
1102 1726 1198 1791 arnis

103 1848 170 1891 rem
187 1827 269 1892 inter
284 1847 318 1891 se
343 1825 562 1910 disceptarent,
588 1824 615 1889 si
639 1825 680 1890 de
704 1824 851 1911 ipsorum,
876 1846 939 1888 non
956 1825 996 1889 de
1013 1825 1198 1911 populorum

102 1926 244 2013 potentia
262 1932 318 1991 aut
338 1922 490 2013 dignitate
511 1921 724 1990 controversia
746 1921 864 1987 fuisset.
917 1922 969 1988 Sic
998 1924 1197 1989 cHeraclium

102 2098 204 2145 versiam
224 2097 337 2158 periculis
357 2097 519 2158 objiceretur3
545 2101 630 2145 narret
677 2097 730 2145 Lm.
741 2110 766 2146 v.
785 2110 842 2157 peg.
854 2098 906 2144 151.
922 2096 972 2143 Ed.
983 2097 1057 2146 Arest.
1070 2097 1136 2146 1631.
1166 2100 1202 2145 Il·

105 2174 278 2220 Constantinus
300 2173 531 2234 Porphyrogeunste
550 2173 629 2232 capite
676 2172 817 2219 liussutsm
832 2172 1059 2219 interl'harnscum
1075 2179 1101 2221 et
1114 2175 1202 2221 Souro-

104 2252 134 2297 ds
153 2254 232 2295 cestro
249 2249 385 2296 Chersenis.
415 2249 477 2296 Vide
494 2248 629 2308 exemplum
677 2252 777 2304 metum,
798 2248 890 2293 nullum
911 2253 948 2294 est
963 2248 1090 2308 vestigium
1107 2249 1132 2295 in
1149 2263 1201 2309 cap.

103 2325 232 2384 singularis
254 2324 390 2370 certaminis
416 2325 447 2370 de
465 2337 542 2382 regno
564 2324 630 2382 apud
678 2324 718 2368 De
730 2322 817 2368 Castro
830 2321 963 2379 Chersonts,
971 2323 1036 2382 quod
1046 2327 1083 2369 est
1092 2324 1203 2370 ultimum

103 2401 239 2446 Pontsnurn
250 2399 363 2444 Historia
372 2398 486 2445 Dacica:
503 2402 528 2445 et
537 2412 592 2457 quse
599 2398 630 2444 de
678 2397 731 2444 Lib.
739 2410 769 2445 11.
782 2396 861 2444 δοιοί.
870 2397 1098 2458 Porphyroqcnnctae
1104 2398 1134 2446 de
1143 2399 1204 2445 The·

102 2474 313 2535 provocationibus
328 2473 391 2519 inter
405 2473 519 2520 Cerolum
529 2472 560 2520 V.
578 2473 629 2518 Im·
677 2473 797 2529 mettim,-
820 2486 900 2532 neque
919 2473 976 2519 alibi
996 2473 1021 2518 ln
1042 2478 1095 2521 toto
1122 2488 1203 2534 opere.

103 2553 239 2609 peratorem
253 2555 278 2595 et
287 2548 440 2594 Frsnciscum
451 2548 559 2594 Primum
570 2546 629 2593 Gal·
677 2548 706 2595 J.
716 2547 761 2608 B.]

101 2625 142 2673 lie
157 2638 248 2684 regem,
269 2629 368 2671 ιιιιιτοιιι
384 2623 498 2670 historici.
529 2622 630 2682 [Certe-
722 2622 899 2683 efferatum]
916 2623 978 2671 Vide
989 2624 1133 2685 Aymolnum
1142 2626 1205 2675 libro

103 2713 158 2745 meu
174 2699 303 2757 singulare,
319 2698 349 2745 ds
366 2712 414 2759 quo
430 2699 563 2757 Poutsnus,
583 2697 631 2744 fuit
679 2710 715 2746 ιι.
726 2700 825 2758 capti.
836 2703 861 2745 οι
871 2699 1043 2759 Fredegarium
1053 2714 1106 2760 csp.
1114 2701 1152 2750 64.
1181 2695 1183 2699 ⁸

104 2773 168 2820 inter
186 2773 341 2819 Edmundum
364 2777 389 2818 et
407 2771 537 2820 Cenutum.
567 2770 630 2818 Vide

103 3021 167 3078 thot
178 3022 215 3077 he
227 3021 288 3076 who
302 3023 452 3077 muletatus
467 3039 504 3077 an
518 3022 614 3094 unjust
628 3038 719 3087 censs,
732 3021 789 3076 will
800 3022 836 3078 be
851 3023 1001 3078 victorious
1015 3022 1112 3079 witha
1125 3029 1207 3096 great

103 3109 247 3179 elaughter
259 3109 292 3163 of
303 3110 436 3164 innocent
446 3125 570 3181 persons.
607 3108 665 3163 For
678 3108 758 3164 thore
772 3109 796 3162 is
810 3107 879 3163 then
891 3125 929 3164 no
941 3109 1033 3164 blame
1051 3108 1207 3182 imputsble

104 3201 135 3249 to
147 3195 206 3247 him
215 3195 322 3258 wh0,in
333 3195 429 3250 suche
438 3212 509 3261 case,
521 3194 629 3267 prefers
642 3194 691 3249 tho
703 3195 815 3249 combat
826 3194 916 3249 which
924 3195 1003 3267 gives
1015 3195 1074 3249 him
1086 3196 1135 3250 the
1143 3197 1207 3251 best

103 3279 178 3351 hope
200 3279 290 3335 which
311 3281 335 3336 is
352 3288 383 3336 to
404 3280 441 3336 ιο
456 3281 521 3338 bed.
566 3281 624 3335 But
645 3279 700 3335 this
718 3279 778 3335 also
798 3281 821 3334 is
839 3286 912 3346 true,
930 3281 992 3336 thet
1013 3297 1091 3336 some
1111 3281 1207 3352 things

104 3366 195 3420 which
212 3383 277 3439 may
288 3366 324 3420 ιο
338 3367 412 3423 done
423 3367 541 3424 without
554 3366 656 3431 blame,
666 3372 770 3422 cannot
784 3365 902 3421 without
912 3366 1005 3420 blame
1016 3366 1053 3419 be
1064 3367 1207 3437 approved

105 3451 143 3521 by
155 3451 265 3516 others:
280 3452 387 3524 though
399 3453 467 3525 they
481 3471 546 3525 mey
557 3452 594 3507 be
605 3452 757 3523 permitted
768 3450 831 3506 that
841 3468 941 3523 graver
952 3450 1029 3514 evils,
1040 3450 1131 3506 which
1141 3467 1206 3505 can-

105 3542 157 3590 not
174 3535 321 3591 otherwise
334 3537 371 3592 bc
385 3538 512 3601 avoided,
529 3555 595 3610 mey
608 3536 644 3592 be
659 3537 794 3593 avoided:
817 3553 848 3590 es
866 3537 896 3590 in
914 3553 998 3609 many
1013 3552 1098 3602 cases,
1119 3552 1207 3609 usury

105 3621 162 3675 and
176 3621 357 3691 prostitution
371 3639 419 3677 ere
433 3623 580 3677 tolerated.

161 3715 178 3760 5
199 3705 354 3761 Therefore
372 3707 447 3761 what
466 3724 507 3762 we
521 3708 593 3761 have
608 3707 667 3761 seid
679 3704 776 3772 above,
788 3706 868 3761 when
882 3722 923 3760 wo
934 3705 1021 3778 spolie
1033 3706 1067 3761 of
1075 3713 1206 3779 prevent-

106 3792 154 3864 ing
165 3809 233 3857 war:
250 3791 350 3846 thetis
358 3798 412 3849 two
424 3809 539 3863 persons
551 3792 678 3847 between
689 3791 781 3846 whom
792 3793 844 3848 lies
856 3792 905 3847 tho
914 3793 1025 3864 disputo
1037 3794 1207 3866 concerning

105 3896 124 3934 a
137 3878 280 3950 kingdom,
301 3895 350 3934 are
371 3878 459 3950 ready
476 3885 507 3934 to
525 3877 597 3950 figbt
616 3879 640 3932 it
656 3884 707 3933 out
726 3879 755 3931 in
776 3895 795 3933 a
812 3879 933 3943 combet,
951 3878 1000 3933 tho
1018 3879 1119 3952 people
1141 3897 1207 3953 may

105 3965 186 4021 allow
201 3966 269 4020 itte
284 3965 319 4019 be
340 3981 371 4020 so
391 3964 518 4030 decided,
535 3966 598 4020 that
612 3964 661 4020 the
674 3969 787 4035 greater
802 3964 933 4036 calamity
950 3963 1041 4020 which
1059 3964 1206 4021 otherwise

105 4051 233 4125 impende
246 4068 310 4122 may
321 4051 358 4106 ιο
369 4051 502 4116 avoided:
517 4068 583 4123 may
592 4048 629 4106 be
643 4050 704 4106 seid
717 4048 786 4105 herc
801 4050 870 4116 eleo,
881 4050 962 4106 when
977 4050 1026 4106 the
1038 4053 1167 4122 question
1181 4052 1206 4106 is

105 4139 192 4194 about
206 4138 388 4209 terminating
405 4137 453 4193 the
465 4154 530 4194 war.
568 4138 602 4192 In
620 4136 677 4192 this
694 4154 763 4209 way,
778 4137 866 4209 (tyrus
880 4136 1046 4208 challenged
1059 4136 1109 4192 the
1123 4137 1206 4208 Assy-

106 4224 168 4277 rian
182 4225 264 4294 king:
283 4224 340 4278 and
355 4225 384 4279 in
394 4225 554 4298 Dionysius,
568 4224 672 4279 Metius
686 4239 749 4295 says
764 4222 828 4278 thet
842 4223 865 4277 it
878 4223 971 4278 would
985 4229 1036 4277 not
1049 4222 1121 4276 heve
1132 4223 1206 4276 been

107 4310 210 4379 unjust,
221 4310 283 4364 thet
294 4310 343 4365 the
350 4310 458 4366 leaders
469 4310 502 4366 of
510 4310 559 4366 the
569 4317 625 4366 two
633 4309 748 4383 peoples
757 4309 859 4364 should
869 4308 1037 4363 themselves
1045 4307 1144 4362 decide
1156 4307 1206 4362 the

104 4402 210 4451 matter
229 4396 267 4469 by
285 4413 303 4453 e
320 4397 442 4461 combat,
460 4396 487 4452 il
505 4395 555 4453 tho
573 4405 753 4470 controversy
772 4411 845 4451 were
864 4394 1034 4465 concerning
1051 4392 1126 4448 their
1143 4409 1205 4450 own
