2916 4906
221 212 285 277 214
483 221 838 280 TEMPERAMENTUM
860 221 972 278 emon
994 223 1064 280 JUS
1180 221 1256 293 [Lm.
1268 225 1324 283 111:

58 405 200 445 men-1⁴
220 388 310 456 bellis
335 389 541 455 Hehraeorum
568 386 661 454 etiam
685 396 755 475 post
778 409 885 476 pacem
911 386 1046 454 oblatam
1072 394 1106 454 et
1127 387 1326 476 repudiatam

221 488 309 576 parci
326 488 395 556 vult
414 486 536 554 leminis
557 497 591 554 et
612 486 791 567 infantibus,
815 496 909 554 extre
930 508 1045 574 paucas
1066 495 1177 577 gentes
1199 489 1326 575 speciali

218 587 292 675 jure
308 594 463 675 exceptas,
480 587 631 654 adversm
647 607 725 673 quas
738 586 821 673 quod
834 594 904 654 erat
917 586 1042 662 bellum,
1060 608 1123 653 non
1139 596 1210 654 erat
1226 587 1326 654 homi-

223 708 307 764 num,
325 687 381 754 sed
396 685 467 764 Dei,
484 695 580 774 atque
594 685 640 752 ita
653 685 878 772 appellabatur.
930 686 982 764 Et,
1004 708 1074 752 cum
1093 685 1239 753 muheres
1255 689 1326 754 lda-

61 793 191 879 ,ΨΜ
225 784 391 852 diauitidas
410 785 505 853 vellet
526 783 623 852 occidi
647 784 687 850 ob
709 784 869 873 proprium
891 784 1029 872 ipsarum
1052 783 1179 863 crimen,
1202 786 1326 876 excepit

225 884 363 974 virgines
387 883 529 951 intactas.
570 883 639 949 Imo
664 906 734 949 cum
755 883 902 951 Ninivitis
927 884 967 950 ob
989 884 1173 973 gravissima
1197 895 1326 972 peccata

62 1006 188 1050 mun.
224 981 466 1050 internecionem
486 1003 595 1050 severe
616 982 782 1048 admodum
799 982 934 1049 minatus
956 991 1047 1061 esset,
1067 983 1189 1050 retrahi
1205 1005 1240 1050 se
1255 1007 1326 1071 pae-

224 1105 278 1149 sue
294 1091 343 1149 est
358 1081 554 1149 miseratione
571 1081 738 1148 multorum
755 1081 883 1146 millium
900 1081 967 1169 ejus
984 1081 1097 1160 oetntis,
1115 1105 1186 1169 quoe
1203 1082 1325 1150 honesti

224 1190 258 1249 et
272 1181 427 1248 inhonesti
443 1179 621 1247 discrimina
635 1180 808 1268 ignoraret.
857 1181 917 1246 Cui
937 1180 1043 1247 similis
1059 1191 1108 1250 est
1123 1181 1208 1269 apud
1230 1183 1325 1249 Sene·

62 1296 93 1337 ιν
102 1296 170 1336 irat·
179 1297 198 1336 ⁹-
224 1301 292 1346 cam
307 1280 479 1348 sententia:
506 1302 585 1345 nam
597 1281 671 1366 quie
686 1281 846 1346 iraecitur
854 1280 981 1366 puerit,
998 1303 1135 1367 puerum
1151 1293 1233 1348 ocae
1246 1303 1325 1348 oen·

62 1387 210 1429 “mim
225 1381 303 1445 dom
315 1382 404 1447 novit
420 1401 530 1446 rerum
546 1379 773 1446 dahorimina!
823 1378 868 1444 Et
883 1378 969 1465 apud
983 1382 1162 1446 Lucanum:

440 1496 564 1553 crimine
578 1512 633 1567 quo
647 1496 727 1568 parri
741 1497 847 1552 endem
861 1503 981 1570 potuere
993 1499 1112 1555 mereri?
1148 1509 1152 1518 ·

225 1594 260 1660 Si
274 1593 342 1661 hoec
358 1596 446 1661 Deus
468 1593 542 1661 fecit
557 1614 594 1659 ae
608 1591 728 1671 statuit,
745 1592 799 1680 qui
816 1594 939 1680 quosvis
950 1594 1091 1662 homines
1107 1594 1326 1685 cujuscumque

223 1715 316 1760 sexus
332 1700 388 1760 aut
403 1692 504 1759 aetatis
519 1691 586 1758 sine
603 1691 667 1758 ulla
683 1712 776 1758 causa
788 1713 849 1757 non
865 1692 978 1779 injuste
993 1703 1096 1783 potest
1111 1694 1262 1776 occidere,
1275 1705 1326 1762 ut-

223 1802 297 1881 pote
312 1792 387 1860 ritae
403 1792 496 1858 dator
512 1813 550 1858 ac
566 1790 717 1870 dominns,
735 1791 810 1878 quid
832 1791 973 1858 homines
993 1793 1097 1860 iacere
1120 1814 1243 1881 equum
1263 1804 1324 1874 eet,

222 1962 372 2022 specialitus
386 1961 489 2022 Lepidus
503 1963 542 2009 11.
558 1960 622 2019 τρία
636 1961 682 2021 μίν
696 1960 748 2021 γαρ
796 1960 859 2008 tibin
868 1961 1326 2025 quidemparocnnihitfflitntiqm

220 2039 281 2085 ‘rotie
289 2036 503 2096 τνλνίουνμυρίοτ
516 2035 660 2096 τροφάσειτ
676 2036 747 2082 adhe·
797 2035 832 2081 ad
850 2035 1019 2094 crudelitatem,
1038 2042 1081 2084 aar
1093 2037 1218 2098 feritaten
1233 2038 1324 2098 potiere.

220 2126 263 2170 γοι
278 2109 496 2170 προσκρουμάτων
509 2127 541 2156 τε
556 2109 597 2156 καί
612 2109 748 2168 διαφορῶν.
800 2108 857 2168 Qeae
876 2109 937 2155 enim
956 2109 1048 2156 mian
1064 2124 1111 2157 non
1129 2111 1283 2170 merebatur,
1302 2112 1326 2158 si

220 2190 277 2233 wir
287 2185 312 2231 ei
324 2185 412 2245 κομιδὴι
420 2185 517 2239 υητίοιτ
531 2182 593 2241 ἄρτι
602 2183 747 2243 ταρσληλυ·
797 2182 824 2228 t‘n
838 2187 945 2230 αίοηιον
960 2184 1020 2231 teto
1035 2186 1110 2232 victor
1123 2191 1198 2234 tamt
1208 2187 1281 2245 edita
1295 2201 1326 2234 ea

221 2258 337 2307 θόσιννίς
350 2259 457 2320 putrui
465 2256 748 2319 τόνᾶνθρότιυονβίου,
791 2257 855 2318 fecit
869 2259 896 2304 ira
907 2259 1038 2319 poputum
1054 2274 1117 2308 υυου.
1147 2261 1253 2322 [Auctor
1272 2261 1325 2308 heio

221 2334 272 2381 οὐδ’
280 2334 470 2396 δτιψούσασθαι
482 2333 638 2394 κατηγορίαν
652 2328 749 2379 α’κακό·
797 2331 871 2378 uetes
878 2332 940 2392 legit
948 2347 1019 2380 versu
1028 2335 1044 2380 4
1053 2334 1171 2395 ὁραθῆναι
1181 2349 1226 2394 pre
1241 2335 1325 2392 διαθῆ-

219 2426 275 2456 τοιτ
293 2410 364 2456 οὖσιν
384 2408 528 2470 indixerat·
562 2421 618 2454 nara
637 2406 749 2464 injmtoe
798 2424 846 2465 υαι,
866 2408 932 2468 qued
947 2413 999 2456 erat
1016 2409 1041 2456 ln
1059 2411 1172 2460 Editione
1189 2412 1280 2460 Gener.
1300 2418 1326 2461 et

219 2486 299 2531 aetudr
318 2484 421 2531 Ιιοηίηεν
440 2484 503 2531 mille
521 2482 621 2543 speciosi
644 2482 748 2528 citemus
797 2487 917 2530 mutatum
933 2489 970 2530 est
986 2485 1010 2530 ln
1027 2485 1147 2534 διαθεῖναι
1162 2501 1193 2535 ex
1209 2489 1283 2539 MSS.
1298 2491 1325 2537 lu

219 2558 324 2618 reperiri
328 2558 606 2618 pomntdiacordiurum
614 2555 748 2602 ίιαονίυιυί·
796 2548 866 2606 Edit.
886 2557 995 2605 Hudeon.
1025 2560 1085 2621 Cap.
1101 2562 1134 2610 xi.
1151 2560 1165 2623 5
1183 2566 1205 2611 1.
1239 2565 1268 2613 J.
1278 2565 1324 2628 B.]

220 2637 302 2679 tutum.
328 2633 398 2679 Atia
413 2632 575 2693 satsansaffls
588 2631 656 2676 modo
670 2631 696 2676 in
711 2632 749 2678 tu·
797 2635 865 2681 Idem
877 2634 1092 2695 Joaephusdndam
1100 2638 1323 2686 Maeoabaenmnar-

220 2723 269 2756 cem
284 2710 401 2768 υἰίαηιρυο
416 2708 543 2754 humanam
559 2719 647 2763 acum,
662 2719 690 2751 ne
705 2719 748 2751 ca·
796 2713 836 2756 rut
855 2710 932 2756 Boura
948 2715 973 2756 at
988 2711 1103 2770 Ephrona
1118 2714 1203 2773 captis,
1223 2715 1323 2763 intumo·

220 2784 311 2829 dumata
320 2783 413 2843 quidem
422 2781 637 2843 quoddicathabet,
644 2785 669 2827 itt
674 2781 749 2840 ptam
797 2784 857 2831 ciete
867 2788 921 2830 τᾶν
930 2784 962 2830 τὸ
971 2783 1045 2845 ἅρῤευ
1054 2787 1095 2834 καί
1109 2787 1236 2849 μάχεσθαι
1251 2791 1323 2838 δυνά·

220 2861 358 2906 imrooentec.
389 2858 466 2918 (Pag.
485 2858 529 2905 795
548 2856 590 2913 n.)
626 2856 748 2916 desephus
796 2872 882 2920 μονον·
901 2860 1015 2920 quicquid
1028 2861 1108 2908 ciritio
1119 2877 1190 2910 rem
1200 2869 1223 2912 et
1235 2881 1324 2927 ρνρηω

220 2934 331 2993 Antiqua
348 2932 467 2978 Hittorioe
480 2932 542 2977 libro
558 2944 597 2978 rx.
613 2931 642 2977 de
656 2931 748 2977 Μακα-
797 2934 904 2980 idoneum
914 2939 972 2980 erat.
989 2934 1055 2995 [Aac.
1065 2935 1127 2984 dud.
1140 2937 1194 2985 Lib.
1205 2951 1255 2987 111.
1270 2955 1323 3002 cap.

220 3023 278 3065 ente,
288 3008 352 3068 (cap.
363 3007 415 3064 11.)
423 3006 481 3065 μηδὲ
493 3005 748 3064 νητίωνφνιδόμονοτ,
796 3010 819 3055 8.
829 3007 873 3068 55.
882 3007 951 3054 dieis.
959 3008 1067 3056 Humor.
1077 3012 1118 3058 ubi
1126 3018 1206 3059 umen
1215 3015 1260 3061 hoc
1266 3021 1323 3061 tan-

220 3081 351 3141 ω’μότητοτ
372 3079 515 3139 ὑτερβολην
534 3080 562 3124 οὐ
583 3078 748 3124 καταλείπων
798 3087 849 3128 tum
861 3082 965 3142 legium:
981 3083 1247 3148 Καίτᾶνὸσονιίρῤυν
1255 3088 1323 3141 siris

221 3153 442 3214 οὐδ’ᾰγριότητοτ.
466 3150 550 3212 ὃγᾰρ
566 3152 747 3199 οὐδίτῶυᾶλ-
797 3155 1026 3214 αὐτῇκτείυαςάο.
1043 3158 1127 3218 ιῙ.Β.]
1159 3161 1321 3221 Etslibipoe-

220 3230 343 3291 λοφὺλων
357 3227 428 3275 τινας
445 3227 611 3286 συγγνωστὸν
630 3225 747 3285 ὁραθῆναι
796 3241 860 3284 narn,
871 3243 942 3288 quum
953 3229 1090 3278 Alexander
1102 3233 1232 3280 Thracidas
1244 3236 1323 3283 dietus

220 3303 366 3364 γονομὲυουο
392 3301 559 3361 ὑποχειρίουο,
583 3300 667 3346 ταῦτα
688 3301 748 3346 τοὺς
798 3302 828 3347 de
837 3302 976 3349 iudaeorum
987 3305 1067 3373 pueris
1078 3307 1246 3356 etmulieribus
1255 3323 1322 3356 sum·

220 3378 363 3440 ὁμοφύλους
373 3378 451 3424 οὕτως
460 3373 612 3435 είργάσατο·
624 3374 749 3435 Neinsan·
797 3380 868 3433 serat,
878 3381 947 3423 vocat
959 3378 1021 3438 ὑπὲρ
1032 3378 1163 3440 ἄνθρωπον
1172 3383 1250 3443 δίκην,
1264 3384 1322 3432 ulct-

276 3603 402 3658 Ctitdrea
413 3621 461 3659 ore
470 3607 582 3661 cucused
595 3607 628 3677 hy
640 3606 708 3662 their
721 3623 777 3679 ope,
789 3624 890 3663 women
902 3609 935 3680 hy
946 3609 1013 3664 their
1024 3626 1076 3674 sac,
1087 3625 1119 3665 us
1130 3609 1240 3665 Seneoa
1250 3625 1322 3682 supe,

219 3688 250 3743 in
264 3688 313 3743 the
324 3688 413 3745 bools
427 3690 457 3744 in
470 3690 559 3746 which
574 3691 611 3747 he
623 3694 976 3765 writes,angrily,1lpaimt
989 3694 1091 3766 dapar.
1120 3695 1185 3749 God
1199 3694 1322 3761 himself,

219 3790 290 3829 even
305 3775 385 3829 when
397 3792 484 3848 peace
496 3776 551 3831 had
564 3777 637 3833 been
653 3779 759 3834 offered
777 3780 833 3833 and
852 3780 973 3845 refused,
990 3781 1117 3836 directed
1134 3780 1198 3836 that
1211 3797 1322 3836 women

218 3860 275 3913 and
291 3860 395 3915 infante
413 3879 487 3917 were
504 3869 535 3917 to
553 3863 590 3918 be
611 3865 722 3936 epared,
744 3871 847 3936 except
868 3866 897 3919 in
916 3881 933 3919 a
950 3865 1004 3921 few
1019 3882 1104 3930 casm,
1121 3866 1151 3920 in
1165 3866 1257 3921 which
1272 3867 1322 3921 tho

218 3961 276 3998 που
292 3962 347 4000 was
363 3945 411 4002 the
429 3965 486 4001 war
498 3949 531 4003 of
545 3949 618 4014 (iod,
632 3956 683 4004 not
699 3950 732 4005 of
746 3967 821 4015 men,
835 3950 892 4005 and
906 3967 960 4006 was
977 3967 1010 4008 so
1024 3952 1122 4008 called.
1160 3952 1226 4007 And
1240 3953 1322 4009 when

218 4029 256 4085 he
276 4030 401 4086 directed
422 4032 471 4087 the
492 4034 668 4089 Midianitish
686 4052 795 4091 women
817 4043 847 4091 to
867 4036 904 4092 ba
922 4037 993 4093 alain
1010 4036 1057 4093 for
1077 4036 1153 4092 their
1166 4038 1263 4100 crime,
1284 4037 1322 4094 he

218 4117 355 4188 excepted
376 4116 425 4172 the
445 4118 557 4188 virgins.
591 4118 655 4173 And
674 4120 755 4175 when
778 4121 815 4176 hc
832 4121 890 4177 had
909 4122 1077 4179 threatened
1100 4122 1232 4178 Nineveh
1253 4123 1321 4178 with

218 4202 400 4267 destruction,
416 4202 453 4257 he
471 4219 526 4257 was
541 4205 641 4258 merod
656 4211 687 4259 to
702 4206 811 4278 change
830 4206 873 4263 his
893 4216 1023 4281 purpose,
1037 4207 1144 4276 (Jonah
1159 4209 1194 4263 iv.
1211 4206 1267 4274 ll,)
1283 4207 1323 4280 by

217 4288 266 4344 tho
279 4289 484 4344 consideration
499 4288 562 4344 that
576 4289 657 4348 there
668 4307 741 4347 wcrc
753 4308 784 4347 so
799 4309 883 4366 many
895 4310 1011 4365 persons
1025 4294 1087 4349 who
1100 4294 1184 4350 could
1197 4298 1248 4348 not
1264 4294 1322 4348 dis·

184 4398 186 4402 ⁴
216 4373 339 4446 tinguish
355 4374 430 4446 right
444 4376 519 4429 from
531 4391 634 4448 wrong.
682 4378 720 4432 So
737 4378 845 4434 Seneca
859 4379 916 4434 and
926 4380 1024 4436 Lucan
1035 4379 1122 4454 spcak
1134 4379 1169 4436 ol
1176 4378 1320 4437 children.
