2916 4906
102 236 172 292 Gar.
187 226 226 307 1.]
263 233 432 289 REGULAE
456 233 684 290 GENERALES
706 235 761 290 EX
782 235 881 291 JURE
903 232 1084 290 NATURAE.
1159 227 1201 290 33

100 402 190 469 addit
176 401 307 479 tPlato,
325 401 510 487 Xenophon,
532 401 645 468 Philo
636 411 718 468 mter
733 403 756 468 J
758 403 871 478 udaeos
888 402 989 468 pinter
1007 402 1200 468 Christianos
1174 419 1262 520 1523
1265 418 1290 513 tp
1295 419 1336 503 ih
1344 474 1364 504 c

102 504 353 590 chrysostomus.
401 502 470 578 Quo
495 501 577 567 forte
599 524 660 566 uon
684 501 765 566 male
790 503 909 567 reseras
938 502 1052 588 quod'
1043 525 1076 566 m
1104 502 1335 612 saerisffiinssp

99 602 214 669 litteris
238 609 325 665 extat
341 599 365 663 J
367 599 579 665 abesrtarum
571 623 603 665 ιιι
629 601 787 667 obsidione
805 601 1008 678 mendacium,
1034 612 1066 667 et
1083 602 1197 667 factum
1212 602 1326 687 ζοξρξξν,
1336 648 1348 697 3

101 723 163 767 non
181 698 326 767 dissimile
343 700 510 785 Prophetae
535 699 683 767 iElisaei:
707 709 740 766 et
757 699 876 766 Valerii
894 700 1021 777 Loerini,
1048 702 1101 788 qui
1118 696 1236 789 Pyr-¹⁶
1214 724 1245 778 Μ
1253 740 1317 795 Μ

101 802 194 871 rhum
209 798 247 864 ⁷a
263 821 296 864 se
311 798 508 865 interemtum
522 799 669 885 jactabat
1212 750 1345 870 iiiiii?

173 902 194 965 2
223 899 276 964 Ad
291 897 426 973 tertiam,
444 909 596 984 quartam,
615 908 648 964 et
664 897 804 984 quintam
822 899 1072 967 observationum
1089 923 1197 967 earum
1212 879 1306 962 biit?
1308 878 1358 962 iu.

100 1021 179 1087 quas
200 998 265 1086 jam
283 997 448 1084 posuimus,
470 1000 605 1084 pertinet
628 998 778 1063 Eustratii
800 1000 1009 1085 Metropolitas
1032 949 1363 1100 Νἱονοοιιςίςῖῗῧῗνῗῑῖιό

100 1099 185 1217 locps
201 1099 242 1164 ad
260 1105 383 1162 sextum
400 1094 748 1164 Nicomoobioram:
732 1128 750 1164 ο
769 1128 802 1166 εν
789 1089 1121 1184 βουλευόμενος,Ι
1085 1130 1144 1168 ουκ
1162 1097 1201 1190 ἐξ
1211 1065 1291 1168 ‘cciii

102 1195 246 1320 ἀνάγκης
262 1226 280 1263 ο
271 1191 499 1276 ἀληθεύων
486 1198 589 1266 εστίν
615 1192 693 1264 dori
711 1193 794 1364 7de
799 1228 886 1266 ποτε
909 1195 972 1266 rdv
993 1195 1096 1291 ὀρθῶς
1119 1199 1199 1283 βου-

101 1295 273 1380 λευόμενον
302 1295 354 1364 rai
383 1296 458 1388 περὶ
486 1293 589 1365 αυτοῦ
617 1326 678 1365 του
706 1290 794 1386 thetid
795 1328 846 1370 ους
875 1295 1198 1381 βουλεύσασθαι,”’
1161 1331 1190 1368 ιν

102 1391 254 1478 ἐπιτηδὲς
284 1389 371 1489 perid
372 1425 446 1464 erat
473 1391 557 1489 πρός
586 1425 661 1464 τινα
683 1427 708 1519 ιη
696 1389 901 1490 ε’χθρόν
884 1429 975 1473 οντα,
1001 1399 1052 1468 ’ἵνα
1061 1398 1199 1518 σφάλῃ

102 1495 214 1574 αὖτὸν,
233 1529 252 1578 η
238 1493 415 1612 φίλον,”
401 1527 429 1564 ιν
429 1492 585 1591 ἑκκόψη
608 1492 709 1564 αὖτόν
726 1493 793 1564 ἀπο
818 1501 925 1574 κακοῦ,
942 1497 993 1566 rai
1010 1494 1138 1568 τούτων
1154 1498 1199 1567 rd

101 1590 398 1690 παραδείγματα
382 1625 417 1663 εν
434 1597 510 1667 ταῖς
534 1596 692 1688 ἱστορίαις
710 1593 834 1664 πολλά·
858 1599 915 1683 qui
932 1611 1015 1665 recte
1037 1602 1199 1666 consultat

100 1721 164 1765 noo
179 1700 291 1783 utique
313 1708 343 1762 et
360 1718 469 1761 voum
486 1698 578 1762 dicit.
620 1697 716 1761 Fieri
735 1699 820 1761 enim
838 1709 945 1783 potest
968 1711 1004 1763 ut
1020 1702 1094 1782 quis
1114 1712 1200 1765 reete

101 1799 290 1863 consultans
304 1797 365 1861 Ιιοο
385 1797 491 1881 ipsum
509 1797 663 1861 conober
680 1817 742 1878 quo
754 1808 855 1881 pacto
871 1799 911 1861 de
933 1798 1102 1863 industria
1116 1823 1201 1864 mea-

104 1899 216 1972 tiotar,
239 1904 298 1961 aui
317 1896 403 1960 hosti
422 1907 458 1959 ut
481 1917 552 1960 eum
563 1896 684 1980 fallat,
708 1908 768 1960 aut
789 1898 895 1961 amieo
921 1909 957 1961 ut
982 1919 1055 1962 eum
1071 1921 1094 1962 a
1116 1900 1201 1965 malo

101 2071 145 2127 gat
157 2067 362 2126 ineopeeostum.
393 2065 513 2112 Hessitant
529 2066 625 2126 Augus-
677 2069 757 2126 aperte
767 2066 976 2126 aqmdooicemnt.
993 2064 1204 2128 [DeSaoerdotio,

101 2143 166 2188 tinus
175 2142 228 2187 Lib.
240 2154 269 2187 ιι.
280 2141 411 2201 quastione
421 2154 493 2200 super
506 2139 625 2198 Exodum,
677 2140 731 2188 Lib.
742 2155 758 2186 1.
771 2155 823 2202 esp.
834 2140 872 2200 6.]

100 2217 175 2277 (Cap.
192 2221 230 2276 1.)
244 2216 350 2262 Thomas
366 2218 388 2272 2,
405 2218 428 2261 2.
443 2216 574 2276 quastione
587 2229 625 2261 cx.

101 2297 146 2337 art.
154 2293 177 2337 4.
187 2305 250 2351 resp.
262 2292 292 2336 sd
302 2294 326 2339 4.
336 2297 361 2337 et
368 2292 401 2336 ibi
410 2290 547 2350 Cajetanus.
562 2290 625 2337 Vide

100 2367 122 2413 si
140 2372 209 2412 vacat
224 2371 249 2412 et
265 2366 346 2412 morire
363 2366 471 2412 encomio
493 2366 626 2421 Erasmum,

101 2447 128 2488 at
142 2442 305 2488 doctissimum
323 2441 425 2488 blasium
442 2442 473 2487 ad
490 2441 589 2488 Josuum
600 2441 624 2487 ii.

100 2518 126 2564 ὅ.
157 2515 250 2576 [Verba
267 2517 454 2563 Cuursosrour
470 2516 500 2562 de
517 2516 625 2572 limabo,

100 2591 215 2652 leguntur
225 2592 294 2639 Orat
306 2605 336 2639 ιι.
351 2591 391 2637 De
397 2591 545 2648 Poeuitentia,
555 2593 627 2641 Tem.

102 2675 137 2707 vr.
155 2677 212 2723 pag.
228 2664 282 2710 775.
296 2662 345 2709 Ed.
368 2661 443 2708 Saril.
461 2664 531 2710 Adde
551 2663 626 2710 Busi-

103 2739 625 2797 nrun,iaPriueipinmProvcrbicmm,Tom.

104 2825 123 2858 1.
133 2827 191 2872 pag.
201 2815 252 2858 402.
268 2811 316 2860 Ed.
327 2814 410 2860 Paris.
422 2814 489 2862 1638.
519 2814 547 2861 J.
558 2814 602 2873 lt]

149 2897 162 2931 r
182 2888 248 2934 Inter
268 2887 415 2936 Christianos
437 2888 625 2950 chrysostomus]

104 2965 144 3011 Sic
153 2965 267 3025 loquens:
282 2967 303 3012 sl
314 2966 432 3027 βούλινγε
446 2969 498 3013 τῶν
513 2984 627 3026 στρατη-

103 3043 155 3100 γῶν
174 3041 232 3087 τοὺς
256 3041 286 3101 ἐξ
306 3043 391 3088 αἰῶνος
416 3039 627 3100 εὐδοκιμάσοντας

104 3115 230 3175 ἐξετάσαι,
245 3116 281 3161 rd
294 3117 402 3162 πλείονα
417 3117 499 3162 αὐτῶν
514 3115 626 3172 τρόπαια

721 2215 846 2276 sEliraeiJ
868 2217 980 2277 Ejusdem
1002 2217 1081 2263 Elisaei
1101 2217 1203 2263 ultorum

677 2291 753 2336 similo
762 2297 798 2338 est
808 2293 822 2336 2
833 2291 930 2352 Regum
940 2291 988 2339 viii.
999 2294 1034 2338 10.
1041 2292 1076 2337 ita
1081 2297 1108 2338 ut
1118 2292 1204 2352 legunt

678 2366 812 2425 hlasoretae,
830 2368 855 2412 id
870 2372 915 2425 est,
930 2367 1060 2413 seeundum
1076 2378 1121 2425 rip,
1139 2367 1204 2426 quod

677 2440 786 2500 sequitur
795 2441 870 2487 latina
878 2442 976 2499 vulgatu
985 2442 1068 2486 versio.

722 2513 732 2545 ⁷
748 2515 828 2560 Habet
846 2517 891 2561 hoc
911 2518 1005 2561 Auctor
1024 2516 1074 2561 sine
1095 2515 1167 2561 dubio
1189 2528 1203 2559 e

677 2589 824 2646 Fnosrmo,
843 2590 884 2635 sed
899 2590 941 2649 qui
955 2590 1003 2634 alio
1018 2589 1088 2635 modo
1104 2604 1153 2635 rem
1165 2603 1204 2635 re-

677 2664 733 2719 fert,
743 2670 771 2709 ut
782 2678 829 2709 uon
840 2664 897 2709 sutis
907 2663 937 2709 sd
951 2677 999 2710 rem
1015 2664 1102 2710 facintt
1117 2665 1203 2711 Vsus·

677 2751 738 2784 nius
748 2738 869 2784 Lmrmns
880 2739 975 2798 (inquit)
990 2739 1102 2784 adoneus
1111 2739 1204 2798 Epiro-

678 2816 756 2857 tarum
775 2812 869 2871 ltwem,
889 2813 965 2858 occiso
986 2813 1087 2872 quodam
1103 2814 1204 2874 qreqali,

678 2893 755 2934 uteru
763 2888 871 2948 gladium
880 2893 1006 2944 mentum
1015 2890 1129 2935 exercitui
1143 2891 1204 2936 utri-

677 2977 722 3023 que
748 2964 879 3024 paruam,
905 2963 1028 3023 Pyrrham
1052 2965 1203 3012 interemtam.

679 3039 782 3098 Stratey.
790 3038 842 3084 Lib.
850 3051 878 3084 11.
890 3053 910 3083 c.
920 3042 942 3084 4.
952 3053 1015 3085 num.
1026 3039 1049 3087 9.
1065 3039 1128 3086 Vide
1138 3040 1204 3085 Pnu-

678 3127 813 3170 rsncuou,
833 3115 877 3162 Vir.
894 3116 985 3174 Pyrri.
1006 3129 1062 3175 pag.
1079 3118 1124 3164 393
1142 3130 1165 3173 n,
1181 3106 1204 3164 r.

573 3190 578 3205 '
616 3216 627 3227 -
679 3190 768 3249 Aptius
778 3191 863 3236 inisset
872 3190 1007 3250 exemplum
1018 3204 1083 3237 num.
1092 3193 1128 3237 10.
1137 3205 1203 3250 sequ.

102 3280 145 3319 rra,
154 3264 194 3310 eat
208 3264 308 3321 μᾶλλον
318 3264 422 3310 τούτους
436 3264 627 3322 ἐπαινουμένους

103 3337 119 3384 ri
128 3339 186 3384 τούς
194 3341 308 3397 &surprise
317 3339 483 3398 κρατοῦντας·
499 3339 521 3384 n·
530 3338 627 3383 nobilis-

102 3413 173 3457 simos
182 3412 266 3460 ἀυσννιι
275 3413 310 3459 ud
318 3426 414 3458 nomeu
424 3427 499 3466 υοοοε,
512 3413 627 3472 pleraque

102 3502 180 3535 eom
204 3493 296 3548 tropea
317 3489 419 3548 reperies
435 3489 556 3548 fraudum
579 3502 627 3536 esse

103 3577 183 3622 opera,
192 3564 312 3625 mgisque
322 3565 382 3610 tolet
390 3563 490 3610 lartdari
503 3579 574 3626 quam
586 3565 628 3625 qui

678 3265 720 3311 ubi
731 3264 856 3325 ,iugurtha
869 3265 930 3311 falso
945 3265 1048 3310 Marium
1063 3279 1079 3310 a
1091 3279 1116 3310 se
1131 3265 1205 3311 inter·

679 3346 768 3386 emtum
785 3341 876 3399 jactat:
903 3341 933 3387 de
954 3354 1002 3399 quo
1021 3342 1075 3386 ride
1095 3341 1205 3387 Sunuus-

679 3427 754 3472 rrum,
770 3415 832 3462 Bell.
850 3414 908 3476 Juy.
927 3429 979 3476 cap.
992 3418 1044 3463 107.
1059 3414 1108 3461 Ed.
1128 3414 1202 3460 Wass.

678 3490 705 3538 J.
716 3491 748 3539 B.

103 3822 205 3880 among
218 3807 268 3864 the
283 3809 446 3867 Christiane.
485 3813 548 3867 And
563 3821 593 3868 to
608 3813 664 3869 this
677 3831 740 3869 case
755 3831 810 3884 you
831 3831 895 3885 may
918 3813 994 3868 refer
1014 3812 1063 3868 the
1077 3813 1201 3882 promise

104 3894 136 3947 of
145 3894 194 3949 the
208 3912 273 3950 men
288 3896 322 3950 of
333 3898 437 3952 Jsbesh
460 3896 488 3967 (l
507 3901 582 3954 Sam.
602 3901 637 3954 xi.
658 3899 714 3968 10),
734 3901 797 3954 that
815 3900 882 3973 they
897 3900 989 3954 would
1005 3916 1084 3954 come
1099 3907 1149 3954 out
1165 3917 1202 3953 ou

103 3978 152 4034 the
177 3997 312 4048 morrow3
333 3984 389 4038 aud
409 3984 457 4039 the
480 3992 526 4039 act
553 3986 586 4039 of
605 3987 702 4041 Elisha
724 3986 805 4040 when
825 3986 862 4042 he
885 3987 983 4041 misled
1007 3985 1050 4040 his
1070 4002 1203 4057 pursuers

104 4062 134 4130 (2
149 4066 238 4138 Kings
253 4069 289 4121 vi.
314 4068 378 4137 19);
397 4070 453 4124 aud
471 4071 520 4125 the
539 4073 637 4145 sayiug
659 4073 691 4127 ol
707 4072 837 4127 Valerius
855 4073 983 4127 Laevinus
1001 4071 1063 4126 who
1085 4071 1204 4126 boasted

103 4149 166 4206 that
179 4150 217 4207 he
231 4152 288 4208 had
301 4155 390 4209 killed
404 4157 537 4227 Pyrrhus.

157 4243 174 4290 2
204 4239 247 4293 ro
261 4238 312 4294 the
325 4240 411 4306 third,
421 4242 519 4298 fourth
533 4244 588 4298 and
604 4245 669 4299 fifth
681 4245 715 4299 oi
726 4245 775 4300 tho
784 4245 936 4316 preceding
949 4243 1075 4298 remarks
1088 4243 1205 4313 belongs

103 4337 121 4374 n
140 4339 257 4395 passage
271 4325 305 4378 of
320 4327 479 4384 Eustratius
500 4346 537 4383 ou
557 4331 712 4386 Aristotle's
727 4331 833 4385 Ethies.
879 4329 944 4384 And
960 4330 1116 4393 Quintilian
1132 4345 1204 4398 says,

102 4406 166 4463 that
183 4426 201 4463 a
215 4410 253 4464 lie
266 4417 297 4465 to
311 4422 429 4484 prevent
443 4432 461 4469 a
475 4417 598 4483 murder,
617 4433 650 4472 or
670 4415 720 4471 the
739 4416 913 4473 destruction
933 4415 966 4470 of
983 4415 1059 4469 ouo's
1074 4420 1204 4485 country,

206 4557 325 4646 [onor.
340 4560 404 4651 ιιι]

1082 4517 1103 4578 3
