2916 4906
241 185 304 250 190
574 191 727 282 morum
747 192 799 249 nn
821 192 896 260 me,
918 192 1009 259 oum
1197 187 1268 264 [nn.
1282 194 1339 250 111.

241 367 279 428 nt
298 359 430 448 justitiae
453 366 560 450 partes
584 366 703 428 statuat
724 382 788 427 non
812 359 931 428 violare
954 357 1105 437 homines,
1127 359 1340 427 ¹verecnndiae

242 482 305 527 non
322 460 488 528 offendere.

318 563 340 626 3
376 561 454 627 Com
471 583 508 627 eo
524 581 616 647 quem
632 581 672 626 ex
691 560 809 628 Seneca
825 558 1011 627 adduximus
1022 580 1116 627 versu
1131 558 1212 626 bene
1228 581 1342 626 conve-

80 676 232 770 pppum.
243 658 291 725 nit
306 660 421 726 dictum
439 660 576 747 ejusdem
592 659 626 724 in
641 659 764 747 scriptis
780 659 1016 748 philosophicis:
1042 662 1175 740 ‘Quum
1198 673 1343 745 anpusto

130 749 137 762 ⁹
243 761 428 826 innocentio
440 772 486 827 eat
498 763 546 825 ad
562 761 660 846 lepem
676 761 792 826 honum
806 761 901 827 esse?
916 773 1038 847 quanto
1051 761 1153 826 latius
1167 761 1343 846 officiomm

238 871 335 946 potet
358 882 457 945 quam
469 860 561 944 juris
585 859 729 944 sepulc?
753 882 853 946 wem
872 862 978 926 multo
994 861 1116 946 pietas,
1139 860 1341 937 humanitas,

244 960 441 1038 liberalitas,
447 960 597 1044 justitia,
604 960 688 1042 fides
700 959 860 1044 eripuisti
875 981 946 1043 quie
958 962 1070 1025 omnia
1081 970 1176 1025 entra
1183 960 1343 1044 publices

247 1059 379 1124 tabulae
394 1071 479 1124 suot.
530 1057 595 1125 Ubi
615 1056 703 1123 vides
718 1057 771 1144 jus
787 1056 942 1145 ajustitia
957 1056 1116 1146 distingui,
1133 1057 1208 1143 quia
1219 1056 1272 1144 jus
1288 1079 1343 1123 so·

83 1166 210 1254 hm,
247 1156 322 1244 cipit
337 1156 381 1235 id,
398 1157 481 1243 quod
496 1157 529 1222 in
540 1155 665 1244 judiciis
681 1155 819 1223 externis
836 1156 932 1245 viget.
966 1156 1054 1223 Idem
1071 1156 1104 1222 id
1118 1156 1193 1222 alibi
1207 1156 1342 1243 explicat

246 1254 374 1344 egregie
389 1255 530 1343 exemplo
542 1255 623 1343 juris
639 1255 746 1321 herilis
759 1255 792 1321 in
808 1277 934 1323 servos:
959 1259 1002 1322 In
1016 1258 1181 1342 mancipio
1197 1259 1343 1342 cupitas·

247 1359 327 1421 dum
343 1369 399 1432 est,
416 1378 480 1421 uon
500 1368 664 1442 quactum
677 1358 767 1422 illud
782 1359 913 1442 impune
921 1359 1002 1442 poti
1009 1359 1140 1442 possit,·
1168 1358 1225 1421 sed
1238 1378 1342 1442 quau-

247 1466 319 1520 tum
337 1456 398 1520 tihi
413 1458 588 1543 permittet
602 1457 687 1542 oequi
703 1457 836 1540 bonique
852 1463 987 1532 umora,
1004 1478 1078 1539 quae
1089 1477 1227 1541 parcere
1243 1459 1342 1521 etiam
1432 1441 1437 1451 ’

246 1555 389 1638 captiuis
413 1566 444 1620 et
460 1557 570 1640 pretio
586 1558 725 1642 parutis
739 1556 839 1640 jubet.
890 1554 1031 1621 Deinde:
1053 1577 1127 1620 cum
1152 1557 1189 1620 in
1214 1575 1342 1620 seersum

140 1648 144 1655 ’
246 1655 358 1718 omnia
375 1655 503 1733 liceant,
521 1666 568 1721 est
584 1656 715 1738 aliquid
737 1657 821 1742 quod
842 1658 880 1722 in
896 1657 1054 1722 homiuem
1071 1656 1165 1721 licere
1180 1675 1343 1719 commuue

238 1754 297 1837 jue
313 1755 534 1819 animantium
543 1766 644 1820 vetet.-
661 1755 772 1840 quoia
789 1754 855 1820 loeo
872 1754 1012 1821 notanda
1023 1752 1136 1820 iterum
1148 1753 1232 1821 vocis
1247 1754 1343 1820 licere

246 1851 372 1918 diversa
387 1852 536 1939 acceptio,
553 1852 654 1920 altera
669 1853 816 1930 exterior,
833 1853 933 1920 eltera
952 1853 1091 1923 interior.

84 1964 236 2007 btv-mtu-
322 1952 366 2016 II.
407 1954 427 2018 1
462 1951 606 2018 Eundem
622 1953 719 2019 habet
735 1974 858 2019 sensum
875 1953 929 2019 illa
945 1951 1133 2019 Marcelliis
1149 1959 1260 2018 senatu
1277 1952 1343 2017 Ro-

246 2071 339 2116 msno
364 2049 535 2118 distinctio:
568 2074 632 2117 nou
664 2055 749 2140 quid
774 2075 830 2138 epo
847 2055 988 2139 fecerim
1015 2056 1052 2118 in
1080 2053 1344 2140 disquisitionem

246 2153 342 2228 uenit,
360 2172 454 2234 quem
470 2153 633 2234 quicquid
648 2154 685 2217 in
701 2154 848 2219 hostibus
858 2154 932 2238 feci
940 2156 1003 2235 jus
1021 2154 1097 2218 belli
1116 2154 1270 2238 desertdit,
1287 2152 1344 2216 sed

247 2252 333 2336 quid
357 2252 416 2316 isti
434 2253 514 2335 pati
538 2253 731 2318 debuerint:
755 2273 795 2317 ex
815 2273 904 2338 oequo
924 2261 957 2317 et
978 2252 1059 2317 hono
1077 2250 1201 2317 scilicet
1254 2249 1344 2315 Idem

247 2348 412 2415 discrimen
435 2348 618 2416 Aristoteles
642 2349 753 2428 innuit,
780 2350 951 2438 disputans,
976 2371 1017 2416 an
1038 2351 1124 2438 justa
1147 2349 1278 2416 dicenda
1303 2348 1344 2414 sit

247 2469 318 2534 quae
334 2471 374 2514 ex
391 2448 472 2514 bello
490 2448 589 2515 oritur
605 2450 758 2516 servilus:
787 2448 870 2523 ὅλως
892 2443 918 2519 δ’
940 2446 1161 2544 ἀντεχόμενοί
1186 2478 1282 2530 τινες,
1302 2444 1344 2517 oio

248 2546 384 2627 οἴονται,
405 2541 526 2617 δικαίου
548 2545 650 2623 τινός·
677 2544 712 2636 (ὅ
735 2546 808 2644 'peip
835 2545 928 2629 νόμος
951 2541 1069 2619 δίκαιόν
1089 2550 1140 2634 τι)
1166 2546 1229 2630 τήν
1253 2543 1342 2615 sarci

291 2723 299 2752 ¹
315 2723 353 2770 at
363 2737 419 2770 vero
429 2725 579 2771 VerecundIs
588 2725 641 2771 heic
651 2729 688 2771 est
697 2725 773 2772 virtus
819 2726 936 2772 terias-um
945 2725 998 2772 Lib.
1010 2738 1050 2771 111.
1062 2739 1082 2770 c.
1094 2723 1116 2773 u.
1142 2724 1202 2772 Sunt
1211 2724 1271 2770 enim
1280 2739 1343 2784 que-

246 2799 356 2859 quendam
366 2799 547 2859 singnlarIszut
557 2805 582 2845 et
592 2800 673 2845 Pudor
683 2800 707 2844 ln
718 2813 771 2846 ver·
820 2802 875 2847 dam
895 2816 941 2847 non
960 2800 1095 2847 laudabilia
1114 2805 1212 2857 natura,
1230 2800 1273 2846 sed
1295 2801 1345 2861 loys

246 2874 284 2919 bis
294 2874 363 2919 Pauli
373 2872 544 2920 iurisconsulti
555 2875 651 2934 proprIe
661 2875 770 2921 sumitur.
820 2889 936 2931 ccccmo,
955 2880 981 2921 ut
1000 2875 1025 2919 in
1046 2887 1094 2921 111.
1115 2876 1210 2931 ululo,
1231 2875 1345 2921 debitoris

245 2947 274 2995 J.
286 2950 319 2995 B.
820 2964 904 3010 eorpus
910 2952 971 2996 inter
976 2950 1102 2996 creditores
1108 2949 1185 2996 diuidi
1191 2950 1265 3007 licuit,
1273 2964 1345 3010 quarn

290 3024 391 3084 *Quam
400 3028 502 3085 enqmta
511 3024 683 3071 innocentiani
694 3025 728 3071 ud
737 3025 771 3072 le-
819 3025 891 3085 leqem
906 3039 955 3071 nior
963 3026 1074 3086 publicus
1086 3025 1228 3086 repudiauit.
1259 3025 1344 3072 Cicero

246 3114 297 3160 pern
322 3100 405 3144 honum
429 3098 510 3158 esses]
533 3099 600 3145 Idem
627 3098 718 3144 Seneca
742 3100 771 3146 de
819 3100 953 3163 deOfficiis
963 3101 1025 3146 libro
1036 3114 1076 3146 111.
1095 3101 1174 3146 Aliter
1189 3100 1258 3160 leues,
1272 3100 1346 3147 aliter

245 3174 372 3234 Beneficiis
382 3187 405 3220 v.
417 3176 454 3220 21.
485 3174 566 3220 Multa
581 3175 652 3234 leqem
665 3189 711 3220 non
726 3176 771 3221 ha·
815 3176 954 3234 philosophi
967 3175 1051 3221 tollunt
1066 3176 1183 3220 astutiae:
1201 3175 1269 3234 iopes,
1284 3189 1345 3234 quc·

246 3251 305 3306 herti,
323 3263 364 3295 see
379 3250 498 3305 monem,
516 3249 550 3294 ud
564 3264 617 3309 quoe
633 3249 771 3295 consuetudo
820 3257 884 3298 tenum
899 3265 969 3296 manu
982 3256 1058 3296 tenere
1068 3255 1185 3309 possunt:
1197 3249 1346 3309 philosophi,

246 3325 298 3371 vite
318 3325 422 3370 humane
445 3325 495 3384 leqe
513 3325 575 3369 omni
594 3324 710 3370 ualentior
729 3324 772 3370 dot
819 3331 933 3386 quatem
948 3326 1072 3372 rationed
1087 3324 1249 3384 intelliqeutio.
1271 3324 1344 3385 (Cap.

246 3400 343 3448 aditum.
355 3399 517 3455 Quintilianus
522 3399 696 3446 Institutionum
708 3398 772 3446 Ora-
819 3399 868 3457 17.)

300 3652 317 3703 3
339 3646 379 3703 So
392 3648 501 3703 Seneca
511 3664 573 3720 says
583 3669 589 3703 ε
603 3649 675 3704 How
685 3649 764 3704 much
775 3649 858 3703 wider
870 3649 893 3703 is
904 3649 971 3719 duty
983 3649 1049 3701 than
1060 3647 1134 3700 lew!
1147 3645 1203 3700 and
1215 3643 1265 3701 the
1276 3646 1344 3705 like

247 3733 355 3789 JustIce
366 3735 389 3788 Is
401 3734 603 3805 distinguished
618 3736 692 3790 from
700 3738 757 3808 jus,
771 3736 836 3800 law3
851 3735 896 3789 sor
904 3736 951 3806 jus
963 3735 986 3788 is
998 3733 1073 3788 what
1084 3731 1166 3786 holds
1177 3733 1207 3785 in
1219 3733 1347 3788 externsl

245 3819 416 3890 judgments.
452 3821 516 3874 And
534 3821 693 3886 elsewhere,
714 3822 751 3876 he
774 3822 898 3891 explains
918 3820 974 3874 this
997 3819 1104 3891 hythe
1127 3818 1256 3889 example
1275 3819 1309 3873 of
1328 3836 1348 3874 a

247 3906 374 3959 masters
385 3904 461 3977 right
475 3922 542 3960 over
558 3907 602 3961 his
614 3914 748 3962 servants.
783 3908 831 3961 We
846 3925 893 3961 are
904 3915 951 3960 not
963 3916 989 3960 to
1001 3905 1120 3960 consider
1130 3905 1203 3958 what
1215 3922 1271 3975 you
1281 3922 1348 3975 usoy

248 3993 291 4055 do,
303 3993 349 4045 but
360 3993 432 4045 what
443 3993 466 4044 is
480 3994 602 4061 required
612 3996 646 4064 hy
654 3994 750 4065 justice
762 3994 821 4046 und
830 3993 962 4062 saimess,
975 3993 1059 4046 which
1071 3991 1176 4060 require
1186 4008 1219 4044 us
1230 3999 1256 4044 to
1267 4007 1349 4061 epure

247 4095 309 4132 even
327 4078 440 4148 captives
457 4078 515 4129 aud
531 4077 621 4133 claues.
659 4078 723 4132 And
738 4079 834 4148 again:
855 4079 964 4148 lhcuqh
978 4077 1128 4148 cueiythiup
1147 4077 1171 4130 is
1190 4076 1290 4146 lausul
1307 4085 1348 4130 to·

247 4165 340 4217 words
352 4182 370 4217 a
381 4162 459 4226 slave,
473 4163 542 4216 there
552 4181 600 4217 cre
611 4164 699 4234 thiups
710 4165 793 4217 which
808 4181 928 4217 common
939 4165 1080 4234 humanity
1091 4161 1207 4216 dulares
1220 4171 1267 4216 ποι
1278 4170 1304 4216 to
1319 4163 1349 4218 he

249 4250 354 4324 lowful
386 4247 512 4303 Whenoe
528 4254 595 4303 note
609 4250 658 4303 the
676 4256 731 4304 two
749 4249 880 4305 different
894 4267 957 4305 uses
980 4250 1013 4305 of
1032 4249 1138 4323 lowsul,
1157 4248 1297 4320 referrIng
1316 4253 1348 4303 to

248 4336 375 4393 external
387 4335 444 4390 aud
458 4341 488 4390 to
501 4335 621 4391 internal
633 4336 744 4406 justIce.
