2916 4906
556 495 700 560 CAPUT
724 496 784 559 IlI.

134 667 190 722 DE
212 665 339 721 BElaLO
360 665 481 722 JUSTO
504 667 591 721 SIVE
615 668 785 723 SOLENNI
806 666 905 723 JURE
928 667 1117 732 GENTIUM,
1135 667 1203 722 UBI

508 753 559 807 DII
583 753 821 809 INDICTIONE.

164 899 190 953 1.
243 897 353 952 Bellum
366 899 470 952 acuatu
485 897 560 969 juria
577 915 641 969 pen·
715 898 796 952 VIII.
827 898 895 964 Qua
918 901 949 952 in
973 899 1218 956 denuntiationibus

247 984 316 1037 tiurn
327 984 460 1039 cruciator
469 983 582 1038 divertas
590 1002 640 1056 po-
821 986 876 1039 cint
887 985 962 1058 juria
976 985 1068 1049 ciuilis,
1084 1005 1139 1039 non
1153 1006 1217 1058 pcrt-

240 1070 329 1140 pulot.
822 1071 900 1125 tium.

157 1155 197 1210 11.
243 1155 389 1209 Diatinotio
406 1155 504 1226 popuii
518 1157 640 1226 quamuis
727 1156 781 1209 IX.
820 1156 928 1210 Bellum
941 1156 1025 1211 alicui
1036 1157 1167 1212 indictum
1179 1160 1216 1212 ei·

244 1241 340 1312 injusta
354 1242 455 1311 aquatic
467 1259 486 1294 a
500 1242 602 1312 piratie
616 1250 640 1296 et
820 1243 879 1295 mul
890 1244 1021 1296 indictum
1030 1261 1080 1297 aeae
1089 1245 1143 1314 ojus
1154 1246 1215 1298 cub-

245 1326 401 1381 latronibue.
821 1329 884 1382 dtu
908 1337 931 1383 et
954 1330 1029 1383 acciit
1052 1348 1107 1400 qua
1125 1331 1215 1402 ipsum

146 1411 203 1466 111.
240 1412 422 1467 Mutatiorum
441 1413 577 1467 interdum
596 1413 638 1467 iu-
820 1423 983 1485 sequnntur:

245 1499 337 1554 cidere.
733 1499 771 1554 X.
818 1501 1211 1572 Nonquapcreeooneideran·

148 1584 203 1639 lv,
244 1585 359 1656 Requiri
377 1585 416 1638 ad
431 1594 563 1640 naturam
578 1586 638 1640 belli
820 1595 882 1640 tur.-
901 1589 974 1658 quod
992 1589 1117 1658 nonuplis
1136 1589 1212 1643 illuc·

242 1671 365 1736 aoknnic,
385 1680 416 1725 ut
433 1680 569 1726 auctorum
588 1674 637 1726 ba-
819 1681 921 1728 tratur.

245 1758 303 1811 beat
328 1774 398 1821 aum,
424 1757 471 1827 qui
502 1776 637 1811 summam
725 1757 778 1812 XI.
819 1758 909 1813 Cauca
927 1777 977 1814 cur
993 1759 1159 1814 denuntiatio
1174 1761 1213 1814 ad

239 1851 396 1913 potcstatem
427 1843 538 1897 babeat:
567 1846 638 1914 quad
818 1845 921 1914 egfertus
936 1846 1065 1915 quondm
1086 1847 1209 1916 requira-

242 1930 372 1999 quomodo
386 1929 595 1999 intelliqondeun.
818 1939 871 1984 tur.

152 2013 191 2066 V.
242 2015 634 2085 Requirictdrnuntiationem.
718 2015 785 2070 XII.
817 2015 877 2071 Hoc
896 2017 998 2086 olfactus
1018 2034 1073 2070 non
1096 2018 1210 2089 reperiri

145 2098 200 2153 VI.
244 2100 318 2168 Quid
334 2101 365 2154 in
382 2101 582 2156 denuntiatione
601 2103 636 2157 ait
815 2103 846 2155 in
858 2103 920 2157 aliie
935 2103 1014 2157 bullio.

236 2186 311 2258 ituit
335 2196 454 2250 natura,
480 2188 547 2257 quid
568 2206 634 2258 pro-
708 2186 791 2242 XIII.
814 2189 924 2242 Bellum
939 2206 977 2242 an
991 2188 1150 2259 simulatque
1165 2190 1209 2243 iu·

237 2272 334 2342 prium
345 2272 420 2345 juria
435 2274 563 2343 pontium,
581 2274 634 2329 die-
815 2274 917 2328 dictum
929 2284 973 2339 cot,
986 2276 1144 2346 peripoarit.

242 2359 320 2413 tincta
331 2359 489 2429 azplioatur.
710 2359 788 2413 XIV.
815 2359 863 2413 An
876 2361 1084 2414 indicendumoi
1103 2362 1150 2431 qui
1159 2362 1208 2432 jae

141 2443 209 2497 VII.
240 2443 418 2498 Denuntiatio
434 2445 493 2498 alia
504 2445 633 2500 conditio·
815 2446 952 2516 lopationic
967 2446 1083 2499 violaub.

241 2540 318 2595 nata,
329 2531 387 2585 aiio
393 2549 480 2602 pura.

106 2677 137 2743 I.
178 2677 197 2740 1
221 2677 413 2833 ‘SUPRA
429 2677 533 2743 dicere
549 2676 718 2765 incepimus
731 2676 849 2764 justum
867 2677 981 2743 bellum
994 2678 1076 2764 apud
1095 2678 1210 2765 probos

306 2786 448 2843 auctores
464 2776 525 2842 dici
540 2799 632 2864 saepe,
649 2798 712 2842 non
729 2799 768 2842 ex
785 2799 878 2842 cauea
890 2777 973 2842 unde
986 2776 1095 2853 oritur,
1107 2798 1209 2865 neque

107 2882 146 2941 ut
168 2873 245 2940 alias
269 2898 308 2940 ex
333 2898 439 2942 rerum
464 2885 624 2965 gestarum
649 2876 872 2965 magnitudine,
896 2877 951 2943 aed
974 2877 1013 2942 ob
1039 2877 1209 2964 peculiares

107 2974 259 3061 quosdam
277 2973 358 3061 juria
380 2975 516 3042 effectus.
565 2975 665 3055 Quale
685 2987 790 3042 autem
810 2976 851 3042 sit
872 2976 931 3042 hoc
956 2977 1070 3043 bellum
1092 2976 1208 3063 optime

106 3072 294 3160 intelligitur
316 3096 356 3140 ex
381 3074 516 3140 hostium
547 3075 724 3141 definitione
752 3076 835 3162 apud
863 3077 1020 3141 Romanoa
1048 3077 1206 3142 Juriscon-

105 3172 225 3238 aulica:
249 3175 352 3240 taeta
367 3187 443 3240 ount
461 3176 518 3261 qui
534 3176 635 3251 mou,
653 3188 713 3240 aut
730 3177 852 3262 quibua
868 3199 925 3242 noe
943 3177 1074 3262 publice
1092 3177 1208 3242 bellum
1319 3174 1329 3197 ⁹

105 3274 329 3339 docmina.-
362 3275 460 3340 ceteri
489 3276 630 3341 latrante
657 3287 717 3339 aut
736 3278 907 3361 prodente
931 3289 1015 3352 urat,
1045 3275 1090 3340 ait
1116 3276 1206 3339 Pom·
1220 3300 1340 3396 pm

466 3441 477 3467 ⁸
492 3432 584 3494 Supra]
599 3432 652 3480 Lib.
665 3445 683 3480 1.
693 3447 745 3494 cap.
756 3433 789 3480 tit.
803 3433 849 3494 54.

134 3678 271 3733 (imma
287 3677 343 3732 111.
391 3677 437 3748 Of
447 3697 466 3732 a
479 3679 542 3733 Just
556 3697 588 3732 or
604 3679 716 3733 Formal
734 3679 805 3733 War
819 3681 853 3750 by
868 3681 908 3734 tha
921 3680 993 3734 law
1006 3679 1043 3748 qs
1051 3677 1186 3738 Notionem

387 3765 445 3818 and
457 3765 545 3819 barain
559 3766 596 3835 os
603 3765 781 3819 Declaration
795 3767 832 3836 os
844 3765 923 3819 War.

159 3883 182 3938 I.
222 3890 237 3938 1
260 3884 313 3940 We
335 3884 407 3939 hare
424 3885 513 3940 abore
530 3886 624 3957 begua
642 3893 672 3941 to
693 3903 743 3959 say
764 3887 826 3942 that
844 3904 861 3941 a
876 3888 935 3959 jou
952 3903 1009 3941 war
1032 3887 1056 3941 ie
1077 3885 1156 3941 often
1174 3900 1206 3939 eo

102 3970 196 4025 called
211 3970 240 4024 in
260 3971 435 4042 respectable
449 3969 574 4037 authore,
595 3980 647 4027 not
661 3972 736 4028 fram
755 3973 805 4028 the
823 3989 906 4028 cause
926 3974 956 4026 in
973 3972 1065 4027 which
1086 3972 1108 4025 it
1123 3971 1205 4039 origi-

103 4063 194 4120 natea,
209 4072 262 4110 nor
275 4056 351 4111 from
362 4057 411 4111 the
423 4057 497 4112 acala
512 4058 545 4112 of
553 4058 603 4112 tha
614 4065 796 4124 monumenta,
810 4059 862 4114 but
877 4075 913 4113 on
926 4066 1046 4114 account
1057 4058 1090 4112 of
1098 4056 1205 4109 certain

43 4172 52 4179 ‹·
101 4142 229 4213 paculiar
246 4143 322 4212 jural
342 4143 446 4197 effecta.
481 4143 567 4198 What
581 4145 648 4198 kind
670 4145 702 4198 os
720 4162 777 4199 war
795 4146 851 4200 thie
866 4146 898 4209 ie,
916 4146 1015 4200 iubeat
1033 4141 1205 4197 understood

101 4230 177 4282 from
192 4228 242 4282 the
257 4228 404 4282 defluition
422 4229 454 4282 of
465 4245 501 4282 an
514 4246 614 4301 enemy
633 4231 662 4284 in
676 4231 725 4285 the
744 4232 855 4285 Roman
870 4232 976 4286 Jurist:
999 4231 1079 4283 ibose
1093 4243 1139 4281 are
1153 4245 1205 4280 our

101 4316 212 4370 aemio
226 4314 420 4393 WlWM-Wli
434 4316 537 4394 dedara
554 4333 615 4369 war
633 4318 739 4387 apairut
753 4336 785 4371 ua
797 4336 829 4371 or
843 4335 881 4371 wo
892 4318 1000 4387 aquinet
1012 4318 1097 4370 tbems
1120 4312 1206 4371 otim

101 4418 151 4455 aro
163 4402 269 4455 robbers
280 4417 312 4454 or
318 4400 430 4471 pirates,
445 4417 507 4474 says
519 4402 699 4473 Pomponius.
734 4402 798 4457 And
813 4419 844 4458 so
859 4402 973 4472 Ulpica,
987 4402 1108 4472 adding:
1123 4320 1341 4592 r
