2916 4906
260 199 324 262 406
446 227 452 240 ·
556 208 783 274 GONOLUSIO,
805 209 887 265 CUM
909 209 1071 264 MONITIS
1221 202 1293 277 [an.
1306 207 1360 264 111.

260 394 331 459 quae
346 370 502 437 hominem
518 370 695 438 hominibus
710 371 921 439 insociabilem
943 371 1039 439 facit:
1062 371 1144 438 adde
1167 379 1200 438 et
1222 372 1291 438 Deo
1314 372 1363 437 in·

260 495 370 538 visum.

336 573 380 637 Il.
429 570 552 637 Deinde
568 572 602 637 in
619 580 686 638 tota
702 571 776 638 belli
793 571 1059 639 administratione
1075 594 1138 638 non
1155 580 1259 659 potest
1275 592 1363 639 secu·

262 693 316 738 rus
337 676 372 737 et
394 672 462 737 Deo
484 672 583 737 fidem
599 672 720 738 animus
742 672 880 750 retineri,
898 672 956 737 nisi
973 693 1096 759 sempor
1113 671 1146 737 in
1163 694 1269 759 pacem
1287 694 1360 759 pro-

98 787 248 872 ξιμον
262 779 391 859 spectet.
434 771 605 837 Verissime
623 771 705 837 enim
726 772 842 838 dictum
859 794 879 838 a
897 771 1064 838 Sallustio.
1089 775 1251 859 sopientes
1261 775 1364 858 paca

96 890 211 984 mar
220 889 365 938 menaea
386 872 501 938 bellam
524 894 656 956 perere:
681 871 731 938 cui
753 871 897 961 congruit
912 871 1079 961 Augustini
1098 871 1273 939 sententia.
1298 896 1363 939 aon

256 993 372 1057 pacem
390 972 503 1057 queri,
519 983 557 1036 ot
573 971 690 1037 bellum
706 985 907 1050 coerceatur,
924 975 981 1038 aed
999 973 1118 1038 bellam
1132 974 1213 1056 peri,
1231 984 1269 1037 ιιι
1288 994 1362 1057 poa

96 1090 133 1176 pp
143 1091 184 1132 aa.
194 1089 214 1130 a
227 1093 249 1130 et
261 1073 467 1156 acquiratur.
520 1071 592 1157 Ipse
608 1069 797 1138 Aristotcles
819 1093 881 1137 non
905 1072 1001 1137 semel
1020 1079 1145 1138 accusat
1164 1079 1274 1161 gentes
1291 1090 1362 1157 quas

120 1146 139 1178 ’
260 1169 386 1237 bellicas
402 1169 539 1236 actiones
553 1170 641 1284 quasi
657 1192 715 1257 pro
730 1170 838 1237 ultimo
856 1171 932 1237 1ιὶιιο
954 1170 1013 1237 sibi
1031 1179 1251 1258 proponerent
1301 1172 1361 1236 Fe-

260 1268 363 1335 rinum
390 1268 592 1356 quiddam
563 1292 610 1335 wis
635 1279 693 1347 est,
720 1293 791 1357 quae
814 1269 848 1335 in
873 1271 953 1336 bello
979 1269 1113 1336 maxime
1138 1269 1272 1337 eminet:
1299 1292 1361 1357 quo

260 1367 440 1458 diligentius
452 1368 622 1434 curandum
638 1377 686 1434 est
702 1379 739 1437 ιιι
752 1370 945 1437 humanitate
959 1378 1161 1460 temperetur,
1175 1392 1215 1436 ne
1231 1368 1361 1436 nimium

259 1466 344 1535 ieras
360 1466 509 1534 imitando
525 1467 717 1534 dediscamus
732 1469 899 1535 hominem.

336 1567 396 1632 Ill.
435 1569 504 1633 Pax
517 1589 594 1656 ergo
612 1576 680 1634 tuta
696 1567 772 1634 satis
784 1568 894 1635 haberi
906 1566 931 1635 si
948 1575 1061 1656 potest,
1079 1576 1112 1636 et
1128 1568 1362 1636 malefactorum

208 1744 217 1761 ο
260 1674 293 1731 et
318 1665 501 1732 damnorum
527 1675 560 1732 et
586 1676 742 1734 sumtuum
767 1668 992 1734 condonatione
1020 1690 1083 1735 non
1111 1668 1192 1734 male
1221 1677 1361 1736 constat:

258 1764 415 1852 praecipuo
432 1764 515 1832 inter
533 1765 736 1848 Christianos,
752 1766 864 1854 quibus
880 1789 987 1854 pacem
1004 1789 1092 1833 suam
1109 1766 1261 1834 Dominus
1277 1767 1362 1855 lega·

96 1876 234 1918 musra
259 1862 314 1930 vit
368 1862 464 1951 Cujus
486 1864 621 1952 optimus
644 1864 800 1954 interpres
823 1888 880 1932 nos
897 1866 973 1944 vult,
991 1875 1143 1952 quantum
1160 1866 1230 1932 lieri
1246 1875 1359 1954 potest,

259 1970 410 2050 quantum
437 1964 470 2029 in
497 1964 585 2030 nobie
610 1964 704 2030 situm
731 1972 790 2042 est,
813 1987 883 2031 cum
912 1965 1053 2031 omnibus
1077 1987 1184 2053 pacem
1210 1987 1362 2054 quarere.

259 2063 330 2129 Viri
347 2062 420 2129 boni
437 2071 485 2128 est
501 2062 590 2129 initia
606 2062 705 2129 belli
697 2061 827 2129 invitum
844 2064 1009 2150 suscipere,
1027 2073 1170 2130 extrema
1186 2087 1249 2131 non
1264 2064 1362 2131 liben-

96 2181 238 2280 gpgeppcd
259 2170 309 2230 ter
323 2162 489 2250 persequi.
517 2171 553 2229 ut
568 2162 653 2249 apud
671 2162 851 2228 Sallustium
868 2163 1008 2251 legimus

95 2237 210 2362 {t‘fg‘mli
329 2261 387 2328 IV
425 2260 510 2328 Satis
527 2261 652 2348 quidem
664 2262 724 2328 hoc
740 2284 835 2327 unum
853 2284 921 2328 esse
937 2263 1043 2347 debet,
1059 2263 1164 2330 sedet
1150 2262 1362 2351 tplerumque

304 2456 312 2485 ¹
329 2457 398 2504 Ante
414 2456 568 2517 Stagpritam,
588 2455 728 2513 Praeceptor
747 2454 785 2515 lp·
836 2452 871 2500 τά
880 2455 926 2508 τῆς
936 2453 1041 2511 sladum.
1070 2455 1110 2503 Dc
1119 2455 1201 2516 lectt.
1210 2455 1264 2501 Lib.
1273 2468 1293 2502 1.
1304 2469 1362 2516 pag.

258 2533 307 2578 aius
324 2532 410 2577 Patro
424 2531 474 2590 jam
491 2530 516 2575 id
530 2529 717 2589 vituperaverat,
732 2527 785 2573 loeo
836 2527 916 2575 onan.
943 2528 1013 2574 Tum.
1025 2542 1054 2575 ιι.
1070 2529 1165 2576 ΜΗ,
1176 2528 1256 2588 Stepd.
1287 2530 1315 2574 J.
1328 2532 1361 2575 B.

258 2607 355 2667 insigni,
373 2606 415 2651 ubi
430 2605 488 2652 boni
504 2603 661 2664 Legislatoris
676 2617 728 2648 ease
744 2602 785 2659 ait,
882 2601 893 2634 Ι)
906 2602 1044 2648 Aristoteles
1053 2605 1088 2649 ric
1097 2602 1214 2662 mummi]
1226 2603 1296 2648 Philo
1304 2617 1361 2649 vero

257 2681 324 2741 pacis
335 2696 418 2727 mussa
428 2681 508 2740 potius
519 2694 547 2725 aa
557 2692 610 2738 qum
621 2679 744 2737 pertinent
754 2678 785 2723 ad
837 2677 866 2723 de
878 2677 1046 2724 Constitutione
1055 2679 1180 2738 Principis
1192 2679 1263 2738 (pag.
1273 2681 1318 2725 733
1334 2692 1361 2726 n.

259 2755 357 2812 bellum,
368 2769 440 2814 quam
451 2754 549 2813 negotia
559 2753 624 2813 pacis
635 2752 691 2798 belli
702 2765 786 2797 causas
836 2752 885 2797 Ed.
904 2752 1002 2810 Paris.)
1021 2754 1085 2798 hunc
1100 2754 1125 2798 in
1143 2753 1255 2800 modum:
1278 2753 1361 2812 ειριίνη

258 2830 376 2884 ordinare,
392 2835 417 2875 ct
433 2830 463 2874 ad
479 2829 577 2875 bellicus
594 2829 699 2874 rationes
715 2841 784 2873 ravo·
836 2828 882 2874 κᾶν
892 2826 907 2887 ᾖ
918 2827 1008 2887 σφόδρ’
1016 2827 1149 2887 ἐπιζήμιοι,
1160 2828 1362 2889 λυσιτελεστέρα

259 2920 325 2952 aare:
349 2904 409 2950 oar·
429 2904 459 2950 dv
480 2902 612 2962 νομοθέτης
633 2902 744 2960 dispartiris,
762 2904 784 2949 el
836 2902 957 2961 πολέμου·
969 2918 1022 2962 pax
1038 2904 1144 2963 quumvis
1161 2919 1212 2951 cum
1225 2919 1310 2965 macno
1324 2905 1362 2951 de·

258 2979 292 3037 μή
308 2977 383 3038 χάριν
398 2978 492 3037 εἰρήνης
507 2976 541 3021 τά
555 2977 668 3033 πολεμοῡ
683 2976 783 3034 nonode-
836 2978 950 3035 trimme,
969 2980 1029 3025 betto
1049 2981 1139 3027 utilior.
1171 2980 1262 3041 [Locus
1280 2979 1360 3026 Ams-

258 3057 302 3097 τοῐ
317 3053 426 3110 μᾶλλον,
447 3051 462 3104 οἳ
477 3053 529 3097 τῶν
547 3050 693 3108 πολεμικῶν
713 3051 783 3096 ἕνεκα
836 3065 942 3098 Tonans
957 3054 1076 3112 reperitur
1093 3055 1117 3100 ln
1132 3055 1231 3101 Rhetor.
1245 3055 1279 3101 ad
1291 3055 1359 3101 Alex.

257 3332 424 3387 themselves
439 3329 488 3384 tho
508 3329 648 3385 deceirere
671 3329 740 3402 they
753 3330 845 3384 would
864 3331 947 3386 make
967 3334 1043 3386 them.
1089 3333 1239 3387 Doctrinae
1258 3339 1361 3387 cannot

257 3419 325 3489 long
347 3418 424 3471 work
446 3416 516 3480 well,
540 3415 630 3470 which
647 3416 730 3471 make
752 3433 819 3470 man
836 3417 909 3472 uniit
925 3416 971 3472 for
989 3418 1096 3490 society
1115 3418 1182 3472 with
1200 3435 1283 3484 man3
1305 3418 1361 3472 and

257 3521 299 3559 we
316 3522 381 3576 may
398 3503 463 3567 add,
479 3501 588 3556 hateful
606 3508 636 3556 to
652 3502 724 3557 God.

315 3590 352 3643 II.
399 3590 434 3642 In
463 3586 513 3642 the
534 3593 600 3642 next
627 3588 716 3659 place,
743 3603 760 3641 n
783 3589 862 3642 mind
888 3605 988 3644 sereno
1015 3589 1071 3643 and
1093 3590 1215 3661 trusting
1238 3591 1269 3644 in
1296 3588 1361 3642 God

257 3681 361 3728 cannot
379 3674 415 3728 bo
432 3673 560 3728 retained
577 3675 606 3725 in
625 3673 674 3727 the
691 3673 781 3728 whole
800 3674 1025 3729 administration
1044 3675 1077 3729 of
1097 3691 1115 3728 a
1134 3693 1199 3739 war,
1221 3680 1321 3745 except
1338 3675 1361 3727 it

257 3760 359 3828 always
379 3759 444 3812 look
460 3766 489 3813 to
506 3775 601 3829 peace.
646 3758 685 3812 Aa
706 3760 811 3813 Sallust
831 3767 905 3815 most
926 3761 1002 3832 truly
1018 3777 1089 3832 says,
1111 3762 1182 3815 Wicc
1197 3778 1258 3814 mea
1278 3777 1361 3829 comp

257 3862 292 3897 ou
304 3862 364 3895 war
378 3846 433 3912 sor
452 3847 493 3897 tta
512 3845 574 3898 sake
593 3846 630 3913 os
643 3862 740 3914 peace:
763 3845 819 3898 and
833 3851 863 3899 to
879 3846 935 3900 this
954 3845 1002 3900 the
1019 3847 1134 3917 opinion
1154 3847 1188 3900 of
1205 3846 1361 3916 Augustino

257 3944 371 4000 agrees3
393 3928 448 3980 and
469 3929 501 3980 of
521 3929 663 3983 Aristotle.
710 3930 738 3984 It
761 3931 784 3984 is
802 3947 820 3983 a
835 3931 926 3986 terina
946 3932 1024 3986 force
1044 3931 1134 3985 which
1154 3933 1178 3986 is
1199 3932 1361 4003 prominent

257 4016 287 4067 in
313 4027 384 4074 war;
412 4013 467 4064 and
495 4020 569 4065 must
592 4013 628 4066 be
648 4017 793 4085 tempered
814 4017 881 4070 with
901 4016 1056 4088 humanity‚
1077 4017 1140 4072 that
1159 4034 1200 4071 we
1226 4033 1292 4089 may
1310 4021 1362 4069 not

257 4115 337 4153 oense
352 4103 382 4151 to
401 4098 437 4151 be
455 4113 529 4160 men,
544 4098 582 4167 by
600 4099 741 4170 imitating
759 4100 864 4156 brutes.

285 4240 291 4251 x
312 4185 365 4238 111.
411 4183 442 4237 If
459 4182 601 4237 therefore
621 4199 639 4235 a
659 4201 746 4254 peace
759 4187 926 4258 sufficieutly
940 4187 1000 4242 saie
1018 4205 1071 4242 can
1086 4188 1122 4242 be
1138 4187 1204 4251 had,
1225 4188 1249 4242 it
1270 4188 1360 4240 isnot

257 4270 288 4324 ill
311 4269 428 4337 secured
448 4269 486 4341 by
509 4269 559 4323 the
580 4268 768 4324 condonation
792 4272 824 4325 of
846 4274 973 4338 offensas,
997 4274 1054 4328 and
1074 4273 1215 4343 damngcs,
1238 4272 1295 4328 and
1313 4287 1359 4326 ex-
