2916 4906
211 214 276 280 268
429 221 782 280 TEMPERAMENTUM
804 220 918 278 omos
940 220 1096 279 CAPTOS
1170 219 1314 290 [iamin.

48 423 124 508 qm
134 422 171 463 ar
211 383 342 478 gesta
324 367 450 504 aae‘poe
476 385 527 455 roi
553 389 770 476 συγγενικῶς,
798 400 962 453 mansuete
987 399 1017 453 et
1043 389 1096 453 ito
1115 389 1153 452 ut
1175 390 1318 474 populos

47 469 112 517 μω
212 489 463 572 consanguineos
479 487 621 554 decebat.
673 485 708 550 Si
730 485 800 571 quis
822 494 932 571 captus
949 495 1042 563 esset,
1061 506 1132 551 eum
1149 508 1170 552 a
1186 495 1317 574 captore

212 585 353 653 habitum
378 592 414 651 ut
438 584 590 671 hospitem
610 591 643 649 et
664 583 727 649 fide
748 584 788 650 de
808 584 909 671 pretio
930 594 1059 673 accepta
1083 583 1242 652 dimissum
1260 585 1317 652 do-

212 707 316 751 mum:
342 683 425 750 unde
442 691 550 749 natum
567 676 743 776 δορυξένων
758 704 880 748 nomen.

50 813 199 862 mosera
288 786 309 849 2
343 780 530 850 Excelsioris
556 782 651 848 animi
673 790 722 849 est
745 781 823 848 illud
845 780 964 871 Pyrrhi
988 802 1009 849 a
1036 782 1186 850 Cicerone
1206 782 1317 851 lauda·

212 890 299 950 tumr

381 983 398 1025 ³
401 987 463 1042 Nec
477 986 517 1040 mi
531 1002 632 1042 aurum
646 1001 741 1058 posco,
754 1001 808 1040 nec
822 985 861 1040 mi
875 985 1000 1058 pretium
1014 983 1164 1041 dederitis:

383 1072 473 1127 Ferro
487 1088 545 1128 non
559 1088 628 1126 auro
641 1073 729 1125 vitam
744 1088 890 1126 cernamus
905 1071 1031 1143 utrique:

387 1158 515 1222 Quorum
528 1158 628 1212 virtuti
642 1157 710 1212 belli
723 1157 839 1212 fortuna
852 1157 980 1229 pepercit

384 1244 549 1298 Eorundem
562 1243 686 1298 libertati
700 1259 746 1297 me
760 1259 876 1314 parcere
890 1249 1000 1298 certum
1013 1248 1066 1298 est.

213 1362 287 1426 Non
303 1358 428 1425 dubium
446 1357 521 1443 quin
537 1355 705 1422 crediderit
717 1356 862 1445 Pyrrhus
874 1355 993 1442 justum
1009 1378 1029 1422 a
1045 1377 1080 1422 se
1092 1355 1207 1424 bellum
1223 1357 1313 1447 geri:

213 1468 319 1525 tamen
335 1458 525 1545 parcendum
542 1454 739 1521 existimabat
754 1476 863 1521 eorum
880 1455 1026 1533 libertati,
1044 1477 1121 1542 quos
1137 1457 1315 1543 probabiles

100 1605 104 1614 ·
139 1603 146 1614 ·
214 1579 315 1624 causae
332 1556 365 1621 in
380 1554 495 1621 bellum
512 1554 662 1620 tulissent
701 1552 808 1619 Simile
826 1553 905 1642 Cyri
921 1554 1036 1620 factum
1054 1553 1192 1621 celebrat
1208 1556 1315 1622 Xeno·

96 1651 125 1750 ·v'
147 1652 151 1660 '
173 1649 178 1660 '
213 1657 318 1743 phon:
344 1653 481 1740 Philippi
503 1651 682 1718 Macedonis
700 1661 772 1738 post
791 1651 952 1719 victoriam
971 1653 1005 1718 in
1029 1654 1202 1720 (lhoeronea
1218 1653 1315 1742 Poly·

91 1743 124 1813 ’ν’
159 1742 164 1752 ’
215 1754 306 1822 bins:
332 1751 504 1820 Alexandri
526 1751 559 1816 in
582 1751 718 1838 Scythas
741 1751 888 1818 Curtius:
914 1751 1075 1818 Ptolemaei
1096 1752 1181 1841 regis
1197 1761 1231 1818 et
1248 1752 1315 1819 De-

215 1853 328 1931 metrii,
346 1853 428 1919 inter
444 1874 478 1917 se
501 1872 564 1916 non
586 1849 667 1916 bello
689 1849 790 1939 magis
806 1872 900 1937 qnam
916 1850 949 1916 in
965 1852 1104 1938 captivos
1121 1850 1315 1940 benignitate

215 1952 410 2029 certantium,
444 1950 639 2016 Plutarchus.
692 1948 912 2036 Lysimachum
943 1972 1019 2016 vero
1051 1951 1222 2017 'Getarum
1254 1971 1314 2017 rex

106 2051 151 2148 vbo.
215 2051 441 2117 Dromichaetcs
457 2048 537 2116 bello
551 2056 674 2134 captum
686 2047 838 2134 hospitem
856 2070 945 2113 sunm
960 2049 1043 2125 fecit,
1059 2048 1314 2136 paupertatisque

91 2138 140 2195 '.'
213 2150 303 2218 simul
330 2149 449 2216 Getice
474 2169 511 2214 ac
535 2145 688 2212 comitatis
713 2154 824 2212 testem
848 2147 965 2214 factum
986 2149 1123 2236 perpulit
1141 2155 1178 2214 ut
1199 2146 1315 2215 talibus

214 2249 329 2327 amicis,
347 2270 440 2335 quam
456 2246 597 2314 hostibus
612 2245 661 2312 uti
677 2244 795 2312 mallet.

215 2420 281 2477 dicit,
297 2434 342 2466 nec
360 2418 511 2476 Aristoteles,
528 2432 574 2465 nec
589 2418 742 2466 Andronicus
791 2435 850 2476 τρα.
882 2419 1032 2479 Pagreus
1061 2419 1130 2468 JJs.

213 2494 322 2540 Rhodius
331 2494 356 2539 in
371 2493 521 2553 Paraphrnsi,
533 2507 577 2539 nec
588 2493 692 2539 Michael
703 2494 736 2539 E·
831 2502 842 2537 t
868 2493 920 2541 Nec
938 2495 972 2540 mi
991 2509 1076 2541 aarum
1095 2492 1183 2555 posco]
1206 2494 1313 2542 Similem

212 2570 317 2629 phasim,
335 2570 398 2614 unde
418 2568 500 2627 colligi
520 2573 599 2627 queat,
620 2568 665 2613 hoc
680 2567 735 2625 lege
788 2568 877 2615 Tiberii
894 2569 1025 2615 Christiani
1042 2571 1197 2629 Imperatoris
1212 2572 1236 2616 in
1254 2572 1313 2618 Par·

212 2645 314 2705 quadam
332 2645 451 2691 communi
467 2644 583 2689 sancitum
601 2658 652 2689 esse
671 2642 736 2702 apud
787 2657 826 2689 sas
835 2644 967 2691 bonitatem
977 2645 1061 2691 laudnt
1071 2646 1203 2692 Menander
1212 2646 1314 2692 Protec-

213 2722 319 2767 Graecos.
349 2722 427 2766 Immo
437 2720 513 2775 rideo,
529 2720 554 2764 in
564 2719 671 2764 orations
681 2718 735 2764 Dn-
787 2723 833 2774 tor,
844 2717 945 2777 (Legat.
955 2733 1012 2778 pag.
1023 2722 1074 2766 141.
1085 2723 1106 2764 1.
1121 2719 1171 2768 Ed.
1181 2719 1313 2778 Hoesclsed)

211 2809 359 2843 mosrnrsrs
385 2796 414 2840 dc
432 2795 494 2840 mole
514 2794 579 2840 obito
598 2792 735 2853 Lcyodoae
788 2792 891 2838 Siscbnti
903 2794 1019 2850 Mariana,
1032 2794 1090 2840 item
1100 2795 1190 2841 Sanctii
1201 2794 1313 2842 Castellss

212 2871 327 2930 Captivos
337 2870 452 2931 quosdam
463 2874 548 2915 mutuo
558 2869 677 2926 sumsisse,
691 2869 735 2914 ali·
787 2868 978 2927 regis,libroxr.
991 2869 1091 2928 (cape.
1117 2870 1271 2916 illudentem
1282 2869 1314 2916 de

211 2960 251 2991 nm
271 2952 318 2992 tres
338 2946 422 3002 mines,
441 2945 514 2989 ulium
533 2945 642 3003 quinem,
661 2943 735 2988 elium
788 2942 898 2988 Siscbnto
908 2942 1104 3002 legitanib.v1.
1115 2944 1213 3004 cap.3.)

211 3026 284 3079 prout
298 3020 384 3078 cuique
399 3018 547 3064 conditiones
562 3022 631 3062 erunt
646 3030 735 3076 propo·
831 3026 842 3050 ¹
862 3017 975 3064 Getas-um
993 3032 1036 3064 rec
1053 3017 1235 3079 Dromicboetes]
1257 3019 1313 3065 Ma·

212 3094 279 3139 sitae:
294 3093 322 3137 '0
336 3093 389 3151 μὲν,
403 3097 473 3151 τρεῖς
487 3092 555 3149 μνᾶς,
571 3090 585 3135 ὁ
600 3091 634 3147 δὲ,
648 3090 735 3147 πέντε,
786 3091 858 3137 minis
871 3096 897 3137 ct
910 3092 1032 3138 Diodorus
1043 3092 1138 3139 Siculus
1147 3094 1172 3138 in
1182 3094 1313 3155 Exemplis

211 3168 226 3213 b
240 3168 273 3224 tl,
287 3167 356 3213 baare
369 3166 512 3223 συνέβαινεν
521 3164 628 3224 ἑκάστῳ,
641 3165 676 3210 τά
691 3165 736 3211 lt·
786 3165 955 3214 Peiresct‘aaia.
986 3168 1058 3228 (Peg.
1069 3169 1122 3228 267,
1132 3167 1198 3228 268)

211 3424 307 3490 grants
321 3417 378 3473 this
398 3415 566 3487 indulgence
583 3422 613 3471 to
635 3433 720 3486 many
734 3414 797 3469 who
816 3413 889 3470 hare
910 3431 991 3469 come
1008 3415 1070 3470 into
1090 3414 1159 3471 debt
1176 3415 1216 3488 by
1235 3413 1314 3471 their
1378 3479 1381 3485 .

211 3522 273 3559 own
291 3509 345 3558 act.
383 3504 419 3557 In
438 3502 521 3557 other
541 3519 625 3565 cases,
645 3503 700 3556 this
722 3501 745 3556 is
763 3501 939 3555 determinari
958 3501 995 3572 by
1014 3502 1066 3555 law
1084 3517 1118 3557 or
1132 3507 1258 3567 cnstom;
1279 3518 1313 3557 ns

210 3590 360 3658 anciently‚
380 3605 482 3659 among
504 3587 554 3643 the
577 3589 691 3652 Greeks,
710 3587 759 3642 the
782 3603 895 3641 ransom
915 3603 971 3641 was
991 3593 1035 3642 sat
1057 3594 1088 3643 st
1108 3604 1126 3642 a
1146 3588 1231 3651 mina,
1254 3587 1313 3641 and

210 3690 314 3744 among
336 3675 461 3738 soldiera,
480 3678 511 3728 at
527 3692 545 3728 a
564 3674 683 3729 month’s
705 3691 769 3746 pay.
815 3672 950 3727 Plutarch
972 3690 1035 3744 says
1055 3673 1117 3728 that
1137 3672 1188 3727 the
1211 3673 1313 3727 Corin-

210 3758 303 3813 thians
332 3759 387 3812 and
413 3761 579 3829 Megareans
604 3760 712 3815 carried
738 3777 775 3815 on
798 3776 857 3813 war
879 3758 1040 3828 humanely.
1080 3759 1211 3830 Captires
1236 3775 1313 3815 were

210 3845 351 3899 reckoned
362 3861 392 3898 as
404 3846 452 3900 the
463 3852 558 3915 gnests
567 3846 600 3900 of
608 3847 682 3901 their
692 3852 811 3917 captore,
821 3846 878 3899 and
889 3845 1034 3900 dismissed
1043 3861 1081 3899 on
1092 3844 1167 3899 their
1178 3845 1312 3915 promise.

264 3937 281 3984 2
310 3930 390 3984 More
405 3930 476 4000 lofty
485 3931 513 3983 in
525 3931 639 4000 spiritis
654 3931 728 3984 what
739 3932 836 3985 Cicero
848 3937 947 4001 quotes
959 3930 992 3984 of
1003 3930 1128 4002 Pyrrhus
1138 3928 1207 4000 (Off.
1219 3940 1237 3984 1.
1249 3929 1312 3996 12);

210 4033 241 4072 so
258 4017 363 4087 Cyrus3
381 4016 483 4085 Philip,
498 4016 572 4070 after
587 4016 755 4078 Chaeronea3
777 4016 944 4080 Alexander,
954 4016 1075 4071 towards
1089 4016 1139 4071 the
1149 4015 1312 4087 Scythianss

209 4103 341 4173 Ptolemy
355 4102 411 4155 and
426 4101 587 4154 Demetrius
608 4100 778 4169 contending
797 4102 827 4154 in
846 4103 1005 4174 generosity
1025 4108 1055 4157 to
1070 4103 1221 4173 prisoners,
1235 4118 1266 4155 as
1281 4103 1313 4155 in

210 4205 292 4242 amns.
338 4185 548 4250 Dromichaetcs,
569 4185 637 4255 king
654 4184 687 4239 of
705 4184 755 4238 the
774 4185 862 4250 Getae,
881 4188 965 4242 mado
986 4187 1168 4260 Lysimachus
1189 4185 1234 4242 his
1253 4189 1312 4259 pri-

210 4290 302 4336 soner,
328 4273 371 4328 his
389 4278 478 4344 guest,
500 4273 556 4326 and
577 4288 596 4325 a
616 4271 727 4325 witness
745 4270 779 4325 of
798 4270 847 4326 the
868 4279 986 4346 porerty
1006 4275 1063 4328 and
1088 4275 1186 4346 eqnity
1207 4273 1240 4328 of
1260 4272 1313 4330 the

211 4362 300 4426 Getae,
314 4360 371 4415 and
385 4359 451 4414 thus
464 4359 565 4430 gained
580 4357 639 4412 him
654 4373 684 4413 ns
699 4356 743 4413 his
758 4356 860 4414 friend.
