2916 4906
222 187 284 255 178
601 194 654 249 Dll
676 193 940 252 POSTLIMINIO.
1176 191 1251 263 [bns.
1265 196 1319 254 111.

57 381 197 470 wasme.
222 357 358 425 mulieris
374 355 592 446 prostitutione
608 357 773 439 amittitur,
790 358 950 446 multaque
965 356 1027 424 ulia
1038 350 1111 445 jure
1128 358 1270 426 Romano
1287 360 1321 428 in

96 428 143 468 'm
222 460 361 525 favorem
386 457 603 524 redimentium
629 466 663 524 et
687 479 809 546 poenam
836 457 1048 548 proximorum
1074 458 1129 545 qui
1158 481 1231 526 suos
1256 479 1320 526 nou

222 558 380 625 redimunt
396 557 563 625 constituta
579 566 661 624 sunt

298 661 320 723 3
354 659 490 727 Rursum
507 668 631 724 anctum
649 667 697 724 est
712 657 890 744 postliminii
908 657 961 745 jus
977 655 1048 747 lege
1063 656 1156 735 civili,
1172 679 1210 724 eo
1235 659 1322 745 quod

223 779 284 823 non
302 778 340 823 ea
356 765 478 824 tautum
500 778 570 843 quae
592 756 624 822 in
641 757 827 845 postliminio
844 766 917 824 sunt
935 758 1009 844 jure
1029 757 1180 846 gentium,
1196 759 1252 825 sed
1268 781 1322 825 res

223 878 338 932 omues,
351 855 426 943 jura
450 857 554 922 omnia
578 855 709 942 perinde
732 857 888 923 habentur
910 879 947 922 ac
967 857 994 922 si
1015 855 1042 922 is
1062 857 1115 942 qui
1131 856 1226 924 rediit
1242 881 1321 924 nun·

223 977 317 1042 quam
339 955 472 1023 hostium
498 955 615 1042 potitus
643 964 743 1022 esset:
773 957 858 1042 quod
886 966 920 1022 et
940 955 1014 1041 jure
1043 955 1148 1021 Attico
1175 955 1321 1026 obtinuit.

222 1056 315 1134 Nam,
333 1064 370 1122 ut
386 1056 469 1142 apud
488 1055 621 1120 Dionem
638 1057 853 1121 Pruseeeusem
869 1055 1009 1121 oratioue
1027 1076 1080 1121 xv.
1096 1053 1237 1144 legimus,
1254 1055 1323 1142 qui-

103 1202 109 1214 .
173 1183 208 1222 ‚u
223 1155 294 1221 dum
319 1154 426 1221 Calliae
451 1177 485 1220 se
510 1153 605 1219 lilium
630 1154 737 1220 dicens
761 1163 886 1241 ceptum
910 1153 943 1218 in
966 1153 1054 1220 clade
1073 1154 1116 1219 ad
1132 1155 1320 1233 Acanthum,

223 1263 255 1320 et
271 1253 415 1319 serviisse
431 1253 464 1318 iu
481 1252 624 1331 Thracia,
643 1275 713 1318 cum
736 1254 876 1320 Athenas
892 1252 1078 1340 postliminio
1095 1252 1248 1331 rediisset,
1264 1254 1321 1320 he-

38 1423 43 1433 ,
222 1353 389 1418 reditatum
402 1351 508 1418 Callia
525 1373 545 1416 a
561 1352 787 1438 possessoribus
802 1352 901 1439 petiit,
919 1374 976 1418 nec
992 1351 1076 1418 aliud
1093 1351 1257 1438 quoesitum
1272 1361 1323 1420 est

61 1471 186 1520 rus-rou·
223 1451 384 1538 injudicio
401 1471 493 1536 quam
510 1470 551 1514 au
567 1450 594 1516 is
611 1473 723 1518 revera
737 1451 845 1517 (lalllae
863 1461 944 1517 esset
958 1451 1048 1516 filius.
1095 1451 1183 1517 Idem
1200 1461 1319 1529 narrat,

223 1550 391 1616 Messenios
408 1571 476 1615 cum
502 1547 596 1637 longo
620 1559 760 1638 tempore
782 1550 972 1626 serviissent,
994 1549 1121 1617 tandem
1140 1559 1173 1616 et
1192 1549 1321 1617 liberta·

35 1634 205 1750 'mm
223 1659 286 1715 tem
314 1659 347 1715 et
373 1649 533 1737 regionem
560 1649 722 1737 recepisse.
774 1652 842 1715 Imo
866 1659 900 1716 et
923 1671 995 1735 quea
1022 1671 1080 1737 per
1102 1649 1321 1736 usucapionem

56 1758 148 1810 musa
223 1758 278 1814 aut
293 1747 506 1814 liberationem
525 1770 565 1813 ex
582 1748 668 1814 bonis
685 1749 853 1824 subtracta,
871 1748 921 1814 vel
938 1771 1000 1814 non
1016 1749 1132 1814 utendo
1149 1747 1237 1815 linita
1253 1771 1322 1815 esse

224 1848 420 1924 videbantur,
454 1846 576 1913 actione
600 1847 778 1913 rescissoria
801 1847 1028 1915 restituuntur:
1061 1869 1134 1912 nam
1159 1846 1193 1912 in
1218 1847 1321 1915 edicto

81 1993 86 2006 .
108 1994 114 2052 3
120 1967 209 2053 31pr
224 1949 264 2012 de
284 1947 452 2033 majoribus
476 1946 509 2012 in
531 1946 688 2036 integrum
709 1946 918 2022 restituendis,
936 1946 962 2012 is
978 1946 1251 2034 comprehenditur
1267 1946 1322 2033 qui

104 2089 108 2099 -
224 2046 256 2112 iu
273 2046 408 2113 hostium
430 2053 663 2132 estpotestate.
715 2047 759 2112 lit
779 2046 838 2112 hoc
855 2045 980 2132 quidem
1002 2045 1089 2112 veuit
1109 2066 1150 2112 ex
1166 2045 1241 2132 jure
1257 2047 1322 2112 Ro·

224 2168 316 2211 msno
332 2145 469 2232 antiquo.

300 2247 323 2311 4
356 2247 401 2312 At
417 2246 468 2311 lex
491 2245 636 2311 Corneha
663 2243 757 2310 etiam
780 2243 949 2311 heredibus
973 2242 1127 2310 consuluit
1142 2265 1251 2310 eorum
1267 2245 1322 2331 qui

224 2344 308 2432 capti
331 2344 417 2432 apud
439 2345 544 2410 hostes
566 2343 784 2411 decessissent=
810 2345 892 2410 bona
916 2365 1025 2409 eorum
1044 2365 1230 2409 conservans
1252 2366 1324 2430 pere

223 2443 297 2509 inde
314 2443 401 2530 quasi
418 2443 471 2530 qui
496 2465 558 2509 non
580 2442 663 2509 redit
677 2443 743 2528 jam
764 2466 802 2509 eo
823 2452 1042 2529 temporeque
1060 2451 1168 2528 ceptus
1195 2453 1242 2509 est
1267 2443 1322 2508 de-

224 2544 373 2609 cessisset.
420 2544 499 2621 Quae
524 2542 599 2630 jura
621 2542 724 2607 civilia
746 2543 772 2607 si
799 2541 898 2617 tollas,
922 2542 1008 2607 heud
1034 2541 1127 2607 dubie
1152 2541 1257 2608 statim
1286 2549 1323 2607 ut

268 2727 276 2751 ¹
292 2719 364 2765 Bona
374 2717 749 2778 ejuefirturafisisserrtcceupan-
800 2723 843 2766 aut
859 2719 935 2766 coloni
951 2718 981 2765 ab
999 2717 1103 2764 mesto
1119 2718 1184 2777 copti
1199 2723 1221 2764 et
1235 2718 1325 2764 reuersi

223 2793 293 2853 tium]
310 2794 372 2838 Vide
382 2794 453 2853 legem
467 2794 652 2853 Wisigottbiecm
662 2793 750 2840 Libv.
800 2793 894 2838 domino
918 2794 1079 2848 restituerem,
1092 2793 1115 2837 σι’
1134 2806 1180 2837 nou
1198 2797 1252 2838 sunt
1271 2798 1325 2838 unte

225 2868 384 2914 tit.iv.c.16.
801 2867 832 2913 ab
849 2868 924 2914 altero
941 2867 1089 2913 vendentibus
1106 2865 1210 2913 sortitus
1223 2868 1248 2912 in
1262 2882 1325 2914 ecm-

271 2945 278 2974 ί
293 2941 379 2986 Etiam
397 2955 456 3000 sepe
476 2939 589 3000 alienati]
616 2942 652 2987 nt
672 2942 750 2988 edicto
800 2944 886 2989 mersio
897 2943 1035 3002 comparati.
1048 2943 1122 3004 (Cap.
1132 2944 1198 3003 148.)
1228 2943 1290 2989 Vide
1300 2947 1326 2989 et

226 3014 369 3061 Tbeuderici
388 3016 423 3061 lta
442 3016 601 3062 constitutum
622 3019 670 3062 eat:
689 3017 751 3062 serui
802 3018 972 3064 Cassiodorum
984 3030 1024 3064 111.
1034 3019 1072 3066 43.
1103 3019 1139 3065 At
1153 3018 1202 3079 lege
1215 3017 1325 3079 Wisigot-

282 3269 298 3318 3
320 3263 418 3335 Again,
433 3264 483 3320 the
498 3266 634 3337 privilege
646 3284 700 3321 vus
715 3267 854 3322 extended
869 3267 906 3340 by
918 3267 968 3324 the
983 3269 1094 3323 Roman
1107 3265 1163 3322 sud
1175 3266 1251 3322 Attio
1263 3266 1325 3332 lav,

226 3365 257 3404 so
271 3349 334 3404 that
348 3351 385 3405 all
400 3351 489 3423 rights
504 3369 577 3407 were
590 3353 716 3407 restored
730 3362 760 3408 to
776 3353 825 3407 the
840 3371 950 3426 person.
998 3354 1036 3409 So
1054 3371 1072 3408 a
1093 3371 1204 3425 person,
1223 3353 1326 3424 calling

225 3435 341 3490 himself
356 3436 471 3492 theson
490 3439 524 3492 of
542 3438 652 3504 Gallias,
671 3439 733 3493 vvho
748 3438 804 3494 had
823 3440 896 3494 been
916 3457 934 3494 a
954 3440 1031 3494 slave
1046 3441 1077 3493 in
1091 3439 1208 3505 Thrace,
1222 3438 1326 3510 having

226 3520 298 3574 been
311 3522 396 3575 taken
406 3522 435 3575 iu
449 3522 497 3578 tbe
509 3523 605 3579 defeat
616 3532 646 3579 at
655 3524 806 3587 Acanthus,
818 3525 952 3580 returned
961 3533 991 3580 to
1003 3524 1119 3590 Athens,
1137 3525 1194 3580 aud
1206 3524 1326 3578 claimed

226 3605 275 3660 the
288 3606 460 3663 inheritance
469 3610 501 3663 of
511 3610 612 3684 Gallias
623 3611 697 3664 from
709 3611 758 3665 tho
770 3628 923 3682 possessore
936 3612 968 3666 of
977 3613 1013 3676 it;
1027 3611 1091 3675 and,
1103 3612 1131 3664 iu
1144 3610 1193 3664 the
1205 3609 1278 3674 trisl,
1287 3626 1325 3664 no

226 3693 344 3762 euquiry
353 3709 407 3747 vas
422 3695 513 3759 mado,
524 3704 623 3768 except
637 3696 763 3751 whether
776 3697 813 3752 hc
826 3713 897 3752 vvere
910 3697 958 3752 the
970 3714 1020 3751 son
1032 3696 1066 3752 of
1075 3696 1184 3750 Callias.
1223 3696 1262 3749 So
1276 3694 1326 3750 the

226 3776 406 3843 Messanicus,
429 3781 504 3835 after
523 3782 589 3854 long
612 3783 760 3846 servitude,
782 3783 932 3839 recovered
956 3783 1031 3838 their
1054 3783 1156 3853 liberty
1176 3781 1232 3835 and
1252 3780 1327 3835 their

226 3871 352 4004 pountry.
378 3867 456 4003 Eheu
471 3867 544 3921 what
560 3867 616 3922 had
630 3869 766 3924 beenlost
780 3869 818 3943 by
830 3869 1003 3941 usucaption,
1018 3884 1051 3923 or
1065 3868 1221 3932 otherwise,
1236 3867 1328 3938 might

247 3967 404 4004 crecovere
427 3991 433 4005 .

285 4042 302 4089 4
325 4035 385 4090 The
406 4036 554 4091 Cornelian
575 4039 626 4093 lav
646 4039 782 4111 provided
800 4039 846 4094 lor
860 4040 909 4094 the
931 4039 1005 4095 heire
1027 4038 1060 4094 of
1076 4038 1157 4094 those
1178 4036 1240 4092 who
1260 4037 1327 4092 died

227 4120 309 4175 vvhilc
324 4122 353 4174 in
368 4121 417 4175 the
429 4124 559 4177 enemies'
571 4124 668 4179 hands.
705 4126 735 4180 If
747 4125 802 4179 this
817 4125 873 4179 had
891 4131 942 4179 not
955 4126 1028 4180 boen
1042 4143 1082 4187 so,
1097 4143 1152 4196 uny
1167 4141 1221 4179 oue
1236 4123 1327 4194 might

228 4205 299 4260 have
313 4207 403 4261 eeized
418 4207 493 4262 their
510 4217 652 4281 property,
672 4211 718 4264 sor
736 4210 804 4281 they
818 4227 891 4265 vvere
905 4211 1046 4265 reokoncd
1061 4229 1091 4265 us
1106 4208 1251 4273 nullified3
1270 4208 1327 4263 and

228 4293 254 4345 if
272 4292 337 4364 thoy
351 4295 491 4359 returned,
505 4295 562 4350 had
581 4312 617 4350 no
636 4296 718 4368 right,
743 4302 842 4368 except
863 4303 892 4351 to
907 4298 1109 4368 postliminium
1118 4300 1183 4369 jure
1197 4296 1325 4367 peruium.
