2916 4906
104 342 108 349 ,
156 273 319 348 mnne]
459 274 768 342 sooursmronnn
789 272 950 331 mersu.
1193 266 1257 333 277

155 445 329 530 imperium
341 443 441 528 juxta
458 442 646 517 libertatem,
664 464 848 527 paucorum
864 438 1045 507 dominatio
1068 441 1166 527 repioe
1183 441 1257 506 libi-

156 545 231 607 dine'
250 544 390 628 propior
414 553 469 607 oet.
526 540 590 606 Sed
616 539 765 626 ejusmodi
790 539 975 605 mutationes
999 560 1041 606 an
1065 539 1107 606 nd
1131 537 1257 606 victoris

44 690 47 700 .
156 640 354 707 securitatem
371 638 498 723 faciant,
513 660 576 703 non
592 646 641 704 est
657 646 772 704 nostres
788 637 993 726 inspectionis.

233 738 293 804 IX.
335 738 371 805 Si
388 737 489 803 minus
506 745 608 804 tutum
622 737 664 804 sit
680 736 764 802 omui
780 736 812 801 in
829 736 927 803 victos
943 736 1073 825 imperio
1089 736 1255 816 abstinere,

156 837 327 926 temperari
343 845 448 904 tamen
464 842 640 924 respousa,
656 844 693 902 ut
709 834 826 922 aliquid
840 835 961 923 imperii
977 837 1170 923 relinquatur
1182 836 1257 924 ipsis

155 945 213 1003 aut
236 937 374 1024 ipsorum
397 934 535 1025 regibus.
587 933 698 1021 Populi
727 935 863 1001 Romani
889 935 1140 1002 consuetudinem
1165 944 1257 1002 vocet

157 1035 285 1102 Tacitus
307 1043 344 1101 ut
366 1036 497 1101 haberet
519 1036 736 1100 instrumento
759 1036 925 1101 servitutis
947 1047 978 1100 et
996 1057 1094 1121 repes.
1145 1034 1256 1100 Eidem
1269 1054 1407 1103 somn

158 1136 340 1200 Antiochus
364 1136 607 1200 inservientium
632 1155 744 1217 rapum
771 1135 978 1200 ditissimae:
1002 1131 1157 1222 βασιλεῖς
1177 1129 1257 1200 'Po-
1270 1147 1396 1189 fleetu-

157 1233 259 1315 μαίων
278 1229 427 1313 ὑπήκοοι,
447 1232 501 1297 ¹in
517 1231 745 1298 commentariis
766 1231 806 1297 de
823 1231 987 1299 Musonio:
1012 1242 1045 1299 et
1065 1233 1150 1321 apud
1170 1233 1257 1299 Stra-
1271 1262 1319 1312 a*
1327 1263 1370 1302 see.

158 1333 269 1399 bouem
286 1331 369 1398 cirea
384 1331 476 1397 finem
489 1331 562 1396 libri
578 1329 667 1396 sexti.
715 1331 866 1412 Lucanus,
1271 1372 1389 1413 pm..

339 1461 433 1533 Atque
447 1460 537 1516 omnis
551 1448 646 1515 ιΙιιιιίο
661 1476 723 1530 quse
737 1460 824 1515 servit
838 1475 963 1532 purpura
976 1457 1062 1515 ferro.
1269 1420 1310 1458 m

157 1567 209 1634 Sic
231 1567 315 1654 apud
340 1567 469 1633 Judaeos
493 1566 607 1633 mansit
630 1573 787 1652 sceptrum
814 1565 847 1631 in
873 1565 1041 1654 Synedrio‚
1066 1565 1160 1632 etiem
1186 1575 1257 1651 post

156 1665 403 1733 confiscationem
426 1665 583 1733 Archelai.
634 1663 801 1753 Euagorae
820 1665 922 1753 Cypri
938 1686 1006 1742 rex,
1029 1672 1066 1730 ut
1081 1665 1165 1752 apud
1180 1663 1256 1730 Dio-
1269 1682 1384 1723 uuae

156 1766 267 1831 dorum
284 1773 341 1841 est,
359 1765 483 1830 dicebat
499 1755 580 1829 velle
596 1784 630 1828 se
644 1763 751 1829 Persa
772 1764 909 1841 obedire,
924 1763 980 1829 sed
996 1771 1033 1830 ut
1053 1785 1161 1852 regem
1176 1763 1255 1852 regi.

156 1863 202 1931 Et
216 1864 314 1930 Dario
331 1863 413 1929 ricto
429 1861 593 1949 aliquoties
607 1861 688 1927 hene
708 1861 914 1927 conditionem
930 1862 1053 1928 ferebat
1066 1863 1255 1944 Alexander,
1269 1882 1413 1924 ursanum

155 1967 220 2029 mut
240 1964 307 2050 ipss
326 1962 498 2050 imperaret
515 1960 593 2037 eliis,
616 1967 743 2047 pareret
767 1960 958 2027 Alexandro.
1009 1962 1076 2034 Nos
1096 1961 1136 2027 de
1158 1961 1257 2027 modis

156 2061 302 2128 miscendi
318 2060 441 2148 inperii
458 2059 591 2126 diximus
607 2057 690 2124 alibi
735 2058 927 2137 Quibusdam
943 2080 1018 2148 pars
1031 2059 1122 2150 regni
1138 2060 1256 2138 relicta,
1270 2082 1316 2169 pp
1326 2080 1421 2168 iffi.

155 2160 238 2227 sicut
253 2160 409 2227 veteribus
427 2156 654 2246 possessoribus
670 2177 818 2247 agrorum
836 2178 919 2244 pare.

233 2259 273 2323 X.
325 2258 389 2324 Sed
411 2266 444 2323 et
464 2279 534 2322 cum
554 2277 645 2322 omns
667 2255 830 2345 imperium
851 2257 942 2324 vietis
960 2256 1102 2344 eripitur,
1125 2256 1259 2344 relinqui

156 2463 288 2507 nemmem,
303 2449 381 2510 reperi
393 2450 456 2496 iortc
466 2450 531 2509 apud
544 2449 683 2508 Sacamum,
732 2450 760 2511 (e
773 2450 1160 2510 Claudiun.Marrer-tino.e.10.)

157 2524 233 2571 Serre.
241 2523 299 2570 xlvi.
314 2537 372 2585 pag.
383 2523 436 2570 336.
453 2525 505 2570 init.
523 2525 564 2570 ubi
579 2524 684 2571 reiectus¹
777 2525 796 2559 ¹³
814 2527 848 2575 Ut
864 2528 915 2587 ipre
930 2528 1057 2587 imperaret
1075 2528 1141 2583 aliie,
1162 2530 1261 2588 parerer

155 2597 452 2660 egregiaoretioidueonii
461 2598 684 2658 adltegemqnem·
731 2600 882 2662 Alexandro]
899 2602 970 2649 Tales
984 2607 1010 2648 οι
1024 2602 1081 2648 olim
1095 2602 1121 2649 in
1136 2601 1208 2648 ltalia
1221 2614 1260 2648 re.

156 2675 212 2720 dum
228 2672 310 2734 Syrie.
339 2673 374 2719 lit
393 2674 502 2732 quemvis
522 2686 601 2731 neque
621 2672 682 2733 heic,
730 2689 776 2736 ges
790 2677 835 2722 sub
851 2676 952 2723 eliorum
970 2690 1054 2736 regum
1068 2677 1187 2737 imperiis:
1203 2677 1260 2723 Ser-

154 2763 200 2796 ucc
208 2749 273 2805 tlibi,
282 2749 306 2794 in
316 2747 364 2794 illi·
375 2746 544 2800 collectanei&
554 2747 619 2807 quod
628 2747 683 2807 qui·
731 2751 827 2798 eiusad
838 2765 865 2799 x.
873 2752 971 2799 AEaeid.
982 2753 1052 2812 (rere.
1060 2753 1122 2810 666.)
1146 2753 1185 2799 Sic
1195 2753 1260 2812 apud

155 2824 209 2869 dem
226 2823 306 2877 sciam,
324 2820 389 2866 dicte
403 2819 516 2876 Maeonii,
531 2824 683 2880 temqueme
733 2827 876 2887 AEschylnm
896 2828 981 2875 Persic
1001 2829 1071 2889 (pag.
1085 2827 1136 2876 me
1152 2827 1203 2874 Ed.
1222 2827 1259 2874 Η.

157 2897 340 2946 Cemmeutnriie
348 2895 471 2952 Pollionis,
480 2895 622 2954 lendentnr3
631 2910 681 2944 mc·
733 2902 840 2964 soeph),

154 2973 203 3019 rito
219 2977 299 3019 temen
315 2971 372 3017 inde
387 2970 466 3030 petite
480 2970 579 3031 conjicit
594 2976 682 3022 noster.
783 2978 884 3024 Βασιλιῐς
898 2979 1004 3030 βασιλέως
1014 2979 1091 3032 inxce
1103 2977 1204 3032 ursiton·

154 3048 182 3095 J.
193 3048 227 3096 B.
779 3044 844 3093 usgue
854 3046 905 3094 regis
916 3047 985 3095 mgni
996 3045 1079 3086 ”blm

199 3118 206 3155 ¹
228 3121 302 3168 Latio
317 3134 370 3182 qua
386 3120 459 3167 mese
474 3134 587 3180 purpura
598 3122 682 3184 ferro]
733 3123 773 3171 Sic
790 3129 815 3171 et
831 3126 895 3186 epud
912 3125 1010 3184 lutcus,
1030 3128 1094 3174 teste
1113 3124 1258 3174 leuuclmie

155 3197 218 3245 Vide
234 3196 408 3257 Panegyricum
425 3194 572 3242 Maximiano
592 3197 682 3245 dietum
731 3198 793 3246 licre
804 3212 883 3248 xrur.

155 3473 219 3528 thet
240 3490 318 3529 some
338 3476 482 3551 authority
499 3495 564 3550 may
586 3479 695 3535 beleis
716 3486 747 3536 to
767 3481 855 3546 them,
873 3497 905 3534 or
925 3479 1000 3534 their
1018 3479 1108 3549 kings.
1146 3477 1260 3532 Tacitus

155 3559 257 3628 speaks
275 3561 309 3614 of
323 3561 346 3616 it
367 3578 398 3616 as
416 3563 465 3618 the
487 3570 596 3619 custom
617 3565 651 3620 of
668 3565 718 3620 the
735 3567 861 3621 Itomcns
880 3575 906 3620 to
927 3567 993 3620 tave
1008 3565 1086 3634 kiops
1107 3580 1139 3616 cs
1159 3563 1200 3617 tte
1215 3562 1259 3616 ire·

155 3652 300 3698 etrummte
314 3648 351 3715 of
362 3649 430 3702 their
443 3650 518 3703 mle:
542 3650 598 3704 and
613 3651 681 3705 calls
696 3650 852 3706 Antiochus
865 3652 906 3705 tte
915 3652 1009 3705 malms
1023 3650 1160 3721 ‹efmhject
1171 3648 1257 3719 Ainos.

156 3728 196 3783 So
208 3728 354 3785 Musonius
369 3727 409 3801 [in
423 3733 559 3800 sichaeus,
571 3752 619 3790 see
629 3736 658 3790 J.
670 3735 728 3791 B.'s
739 3735 827 3803 notet,
841 3734 952 3801 Strabo,
965 3736 1070 3790 Lucan.
1106 3734 1145 3789 So
1156 3750 1261 3805 among

35 3810 42 3823 '
154 3812 205 3868 the
216 3814 300 3878 Jews,
316 3816 365 3872 the
378 3825 489 3889 sceptra
502 3821 647 3876 remained
661 3821 692 3874 in
706 3821 756 3876 the
769 3821 947 3886 Sanhedrim,
956 3837 1026 3876 eren
1040 3821 1115 3875 aiter
1128 3820 1178 3875 the
1192 3837 1260 3874 con·

153 3899 281 3955 fiscation
299 3902 333 3957 ei
349 3901 509 3961 Archelaus.
548 3907 586 3961 So
607 3907 749 3977 Euagorae
769 3907 803 3961 oi
817 3907 925 3979 Cyprus
939 3923 994 3963 eras
1014 3906 1119 3977 willing
1140 3911 1171 3961 to
1186 3906 1260 3977 obey

153 3984 203 4041 the
220 3986 338 4042 Persian
356 3988 433 4060 king,
450 4007 481 4046 as
499 4007 553 4048 ons
570 3991 640 4064 king
656 3991 785 4047 another.
830 3993 895 4047 And
912 3993 988 4048 aiter
1000 3992 1104 4048 Darius
1118 4007 1173 4046 was
1191 4007 1258 4046 con·

153 4072 268 4142 quered,
285 4073 332 4128 for
350 4090 428 4131 some
447 4077 515 4133 time
534 4076 694 4134 Alexander
711 4078 818 4134 offered
838 4079 897 4133 him
919 4078 969 4134 the
987 4078 1130 4135 condition
1144 4076 1208 4131 that
1221 4075 1259 4130 he

152 4155 255 4211 should
274 4175 380 4229 gorern
400 4161 496 4217 othere
515 4163 573 4217 and
592 4163 666 4237 choy
685 4164 852 4220 Alexander.
891 4165 943 4220 We
965 4164 1037 4219 here
1058 4162 1165 4234 spoken
1185 4160 1257 4216 else-

153 4240 247 4297 where
262 4244 296 4298 oi
306 4246 400 4301 mixed
411 4249 527 4319 empire.
557 4249 593 4304 In
606 4264 686 4307 some
798 4266 818 4305 e
829 4254 896 4325 part
909 4249 944 4304 cf
954 4249 1003 4304 the
1018 4248 1151 4318 kingdom
1167 4247 1190 4302 is
1204 4245 1258 4300 lest

154 4330 186 4380 to
200 4326 251 4383 the
265 4330 448 4402 renquished,
459 4350 490 4388 es
501 4350 520 4388 a
530 4338 597 4407 pert
915 4334 964 4390 old
978 4348 1141 4406 possessore.

206 4412 245 4468 X.
281 4414 361 4472 Eren
377 4266 1173 4626 uwel,
1188 4413 1257 4488 they
