2916 4906
252 222 293 286 32
522 228 715 294 QUANTUM
736 229 780 283 IN
801 227 925 282 Buteo
949 227 1094 291 Llcuar,
1210 223 1283 298 [Lm.
1296 228 1350 283 Ill.

252 393 399 461 divinitus
424 393 508 462 datae
528 396 682 484 specimen
707 395 803 470 dedit,
829 415 898 460 eum
919 394 1004 480 apud
1024 393 1171 459 mulieres
1196 393 1236 460 de
1258 402 1353 482 partu

252 494 410 583 litigantes
426 516 517 561 weees
535 517 588 561 eae
603 495 734 582 protulit
750 516 822 579 quae
838 494 1028 559 voluntatem
1044 492 1203 559 scindendi
1226 493 1353 560 infantis

253 592 472 682 significarent,
490 616 559 660 eum
576 594 696 660 animus
708 593 737 659 ei
754 593 960 681 longissimos
976 592 1031 658 tali
1045 593 1205 658 voluntate
1219 593 1351 671 abesset,

253 701 286 759 et
301 715 386 758 rerae
403 693 496 760 matri
513 716 602 759 suum
617 702 741 781 partum
757 693 930 758 attribuere
946 691 1050 757 wellet.
1104 691 1288 769 Quintiliani
1305 701 1353 758 est

89 794 239 890 {ffifggffi‘l
254 791 389 858 dietum:
417 795 599 880 aliquande
621 794 722 879 atiyit
745 793 922 859 eommunis
938 793 1070 857 utilitas
1091 803 1128 856 ut
1144 793 1242 856 etiam
1253 793 1353 878 salsa

253 893 480 978 ammonetur.

328 992 417 1058 XVI.
463 990 613 1071 Quintum
630 1013 698 1057 esse
714 999 827 1079 potest,
851 990 992 1077 nquoties
1009 991 1075 1056 rita
1095 989 1275 1065 innocentis,
1297 996 1354 1056 aut

251 1111 311 1177 par
327 1090 445 1176 aliquid
459 1091 552 1157 aliter
568 1091 697 1168 servari,
723 1100 756 1157 et
771 1090 852 1158 alter
867 1091 909 1156 ab
923 1089 1056 1177 improbi
1072 1088 1217 1155 facinoris
1233 1089 1353 1175 perfee-

251 1189 336 1255 tione
351 1190 443 1256 aliter
455 1189 555 1256 averti
572 1212 634 1255 non
647 1197 769 1277 petest:
787 1189 877 1276 quale
889 1189 949 1255 tuit
960 1190 1075 1254 laetum
1093 1189 1353 1277 Hypermnesiree

251 1309 323 1375 quae
339 1289 400 1354 hee
416 1288 540 1355 nemine
556 1289 677 1355 laudari
693 1290 780 1366 solet,

490 1406 666 1480 ‘'Splendide
679 1410 808 1474 mendax,
823 1415 852 1464 et
866 1411 896 1463 iu
911 1425 995 1464 omne
1009 1409 1087 1479 virgo

641 1495 753 1550 Nobilis
767 1511 865 1550 arum.

323 1595 430 1661 XVII.
470 1596 489 1658 1
524 1592 633 1659 Latius
650 1614 743 1679 quam
760 1616 830 1679 quae
843 1593 909 1678 jam
928 1592 1061 1660 diximus
1078 1602 1167 1681 patet
1183 1595 1266 1682 qued
1283 1615 1353 1683 pas·

251 1692 309 1758 sim
327 1702 469 1759 statuunt
491 1692 655 1779 sepientes,
679 1693 762 1778 apud
780 1693 900 1758 hostem
923 1692 1000 1758 salse
1021 1714 1164 1760 sermone
1185 1694 1231 1759 uti
1251 1694 1352 1760 lieere.

253 1794 305 1858 Sie
321 1793 441 1882 regulae
456 1792 496 1858 de
513 1813 575 1857 nen
592 1790 769 1858 mentiendo
785 1791 997 1879 exceptionem
1014 1792 1073 1857 uisi
1086 1794 1236 1860 adversus
1248 1793 1354 1860 hostes

250 1965 774 2027 niainureretaitcassiodorusdedmtcitia.
826 1981 909 2013 sumus
924 1968 1018 2028 objecti,
1033 1969 1111 2029 penit,
1128 1969 1269 2016 necessitate
1285 1982 1354 2017 men·

253 2043 327 2104 [Cup.
349 2044 389 2090 De
408 2041 527 2089 Naturali
546 2041 624 2098 Motu,
646 2055 701 2101 pag.
723 2041 774 2089 tet.
827 2043 876 2088 tiri.
892 2042 968 2102 (Cep.
979 2042 1029 2102 19.)

248 2117 318 2164 Edit.
341 2118 426 2165 Genea.
448 2118 515 2166 1660.
546 2117 594 2164 Sed
611 2117 631 2163 ia
646 2117 707 2163 liber
727 2130 775 2162 nen

248 2198 286 2240 est
297 2192 453 2252 Cassiodori]

294 2275 306 2300 ⁰
332 2267 428 2327 Quoties
447 2267 497 2313 vita
517 2267 651 2324 inocente,
667 2269 710 2312 aut
727 2279 776 2325 par

248 2341 345 2401 aliquid
359 2343 431 2388 aliter
445 2341 545 2397 serrari,
562 2347 584 2386 et
601 2342 663 2386 alter
682 2340 712 2385 ab
731 2340 776 2385 im·

245 2417 446 2476 prebifaar'neria
457 2416 600 2476 perfectione
615 2416 686 2461 aliter
700 2415 777 2460 aeerti

248 2492 389 2551 nonpatutl
406 2492 557 2550 Augustinus
567 2491 591 2535 in
606 2504 631 2536 w.
647 2490 777 2546 Psalmum,

250 2566 280 2627 (ξ
301 2568 329 2625 7)
350 2568 440 2614 relatus
460 2582 476 2613 a
496 2567 613 2613 Gratiano
633 2566 658 2612 in
682 2579 776 2612 musam

249 2656 320 2690 xxm.
332 2649 417 2703 quaest.
426 2657 456 2691 rr.
467 2657 487 2690 o.
499 2656 530 2689 ne
540 2642 594 2702 quis
604 2645 640 2688 14„
673 2641 732 2702 [Sed
742 2642 777 2687 ita

250 2724 278 2764 ut
286 2720 357 2765 werbe
367 2719 448 2778 paullo
455 2719 548 2765 diversa
557 2719 614 2765 siut.
624 2717 651 2764 J.
659 2716 702 2778 lt]
719 2717 776 2762 Duo

249 2807 304 2839 rere
313 2799 367 2839 tunt
377 2807 463 2854 penora
473 2793 645 2839 mandationem
656 2793 680 2838 t'n
693 2793 777 2852 quidus

249 2881 295 2912 non
307 2872 340 2913 eat
350 2882 437 2928 mayna
447 2868 525 2925 culpa,
532 2866 574 2912 aad
584 2872 659 2913 tamen
669 2882 715 2912 non
724 2872 777 2912 sunt

249 2940 776 3001 tiueculpa,eumautjeeantur,aatprozime

249 3016 388 3062 consulendo
398 3014 528 3061 mentimur.
558 3013 626 3058 Illud
635 3019 712 3058 autem
721 3014 777 3072 pri.

250 3104 312 3135 mun
328 3089 469 3147 injocunda
485 3088 537 3134 ideo
551 3102 597 3134 nen
613 3092 646 3133 at
658 3088 777 3146 pernicio-

250 3179 308 3221 sam,
327 3164 385 3224 quia
401 3179 447 3209 non
454 3163 534 3223 fallit.
564 3161 641 3207 Novit
655 3162 714 3206 enim
729 3161 777 3218 itte,

251 3240 290 3285 eui
300 3238 395 3294 dicitur,
405 3236 666 3296 eausajooandisuieee
681 3236 775 3282 diatim.

252 3315 383 3363 Secundum
401 3319 478 3360 autern
498 3313 550 3359 ideo
569 3313 645 3358 miuus
663 3316 704 3368 est,
719 3312 778 3371 quia

251 3393 334 3439 retinet
348 3391 484 3436 nonnullam
500 3388 685 3434 beneuolentiam.
716 3387 776 3434 'l'er-

871 2123 884 2149 ⁰
899 2116 1025 2177 Splendida
1030 2117 1142 2179 mendax]
1153 2119 1354 2177 Ubisehelinstee,

828 2191 938 2239 deamter.
970 2193 1102 2239 Pulchrum
1118 2199 1151 2239 est
1168 2195 1228 2239 enim
1241 2208 1287 2254 pro
1300 2195 1355 2252 jue·

828 2265 883 2311 titia
897 2265 996 2313 mentiri.
1027 2267 1108 2313 Simile
1122 2272 1159 2314 est
1173 2269 1233 2314 illud
1250 2269 1353 2329 Chryse·

829 2341 901 2386 stomi
912 2341 942 2387 de
953 2342 1066 2388 ltahnbe:
1082 2341 1101 2389 ai
1118 2343 1195 2389 καλοῦ
1210 2341 1355 2403 dorileum}

828 2414 906 2461 καλοῦ
922 2417 1005 2473 δόλου,
1024 2419 1052 2462 οὐ
1066 2417 1228 2475 προδιδόντος
1241 2416 1276 2464 aa*
1290 2418 1354 2472 θεῖα,

828 2489 898 2535 alta
916 2490 1096 2549 φυλάττοντος
1108 2492 1155 2546 τήν
1164 2491 1291 2550 ἀλήθειαν,
1301 2498 1354 2547 aut,

828 2570 857 2610 ut
874 2565 915 2611 ulii
932 2566 1021 2611 habent
1037 2565 1136 2621 eadmer,
1154 2564 1201 2618 aria
1219 2566 1355 2625 εὐσέβειαν,

830 2636 843 2684 ὅ
857 2640 986 2701 pulcltntm
1004 2641 1156 2698 mendacitas,
1177 2639 1191 2686 ὅ
1211 2642 1355 2689 laudabilem

829 2715 915 2773 dolum,
935 2731 980 2761 non
996 2717 1119 2776 prodentis
1138 2731 1177 2764 ree
1192 2717 1294 2773 divinar,
1313 2718 1356 2763 ted

828 2790 978 2836 annotante
995 2806 1074 2837 ueram
1084 2793 1204 2852 pietatem.
1235 2791 1354 2853 Augusti-

829 2879 874 2910 nus
884 2866 914 2912 de
923 2866 1100 2913 obstetricibus
1107 2867 1244 2927 AEgyptiis:
1260 2862 1274 2911 ὅ
1286 2881 1354 2927 maq-

828 2954 883 2985 num
898 2941 1051 2986 hamanitatis
1064 2943 1187 3001 inparium,
1204 2942 1217 2986 ὃ
1229 2941 1296 3001 pium
1305 2956 1355 3002 pro

829 3013 905 3058 salute
914 3014 1076 3060 mordacium!
1096 3015 1190 3061 Laudat
1204 3017 1297 3062 easdem
1312 3019 1355 3063 eb-

829 3089 945 3144 stetriees,
970 3093 995 3136 et
1015 3092 1114 3149 praemia
1131 3091 1179 3137 illle
1198 3091 1262 3148 datu,
1282 3094 1355 3140 etiam

829 3167 928 3218 aeterua,
940 3162 1015 3208 credit
1030 3163 1189 3224 Hieronymus
1198 3166 1228 3211 ad
1240 3167 1356 3215 Ezechie.

829 3236 875 3282 lem
887 3236 965 3282 xxviil.
977 3242 1045 3297 (pag.
1058 3240 1115 3297 481)
1126 3241 1190 3286 etad
1201 3241 1295 3288 Esaiam
1306 3244 1354 3292 lxv.

830 3312 900 3373 (peg.
920 3314 975 3375 249)
1001 3316 1142 3362 Ambrosius
1168 3317 1202 3363 ad
1226 3319 1356 3379 Syayrt‘am

829 3389 891 3434 libre
911 3402 968 3434 wrm.
994 3388 1083 3452 (Epist.
1095 3391 1169 3450 lxiii.)
1201 3393 1355 3453 Augustinus

251 3469 366 3513 tullianus
376 3466 473 3513 librode
483 3464 608 3510 Pudicitia
618 3464 681 3509 inter
691 3463 779 3508 delicta
829 3465 889 3525 ipse,
903 3470 932 3511 ut
949 3466 1018 3522 solet,
1033 3469 1133 3525 vemens,
1151 3469 1181 3515 ud
1197 3469 1354 3518 Consentium

251 3543 398 3603 quotidianas
408 3538 580 3596 incartationis,
594 3539 681 3600 quibus
695 3552 778 3585 omnes
829 3545 914 3586 centra
927 3541 1075 3588 menducium
1088 3558 1109 3591 ο.
1120 3546 1157 3592 15.
1183 3545 1298 3592 Testatus
1312 3559 1354 3592 ue·

309 3791 390 3846 XVI.
435 3792 460 3847 A
475 3791 540 3848 nuh
555 3809 618 3848 cese
632 3809 697 3864 may
711 3791 747 3846 be
762 3791 844 3846 when
862 3792 911 3847 the
926 3792 976 3847 life
992 3792 1025 3846 of
1042 3809 1078 3846 en
1097 3792 1230 3846 innocent
1244 3808 1356 3864 person,

253 3895 286 3932 or
301 3878 461 3949 something
477 3879 511 3932 of
526 3879 582 3934 like
597 3879 687 3943 velue,
706 3885 808 3933 cannot
820 3878 967 3933 otherwise
981 3879 1018 3932 be
1032 3878 1189 3949 preserved,
1204 3878 1260 3931 and
1273 3876 1356 3931 when

252 3964 374 4018 another
387 3981 489 4036 person
504 3970 607 4018 cannot
622 3963 770 4019 otherwise
785 3964 821 4018 be
840 3963 974 4017 withheld
993 3963 1068 4018 from
1090 3963 1139 4018 the
1162 3964 1355 4035 perpetration

253 4050 287 4104 ei
299 4067 317 4104 a
330 4050 438 4105 wicked
452 4056 513 4105 aet:
537 4066 568 4103 as
582 4051 612 4103 in
627 4049 676 4104 the
691 4066 753 4103 caso
768 4049 802 4102 of
813 4050 1042 4119 Hypermnestra,
1053 4050 1132 4119 nobly
1139 4050 1222 4122 salse.

307 4137 403 4189 XVII.
448 4143 461 4190 1
492 4135 579 4189 What
594 4134 709 4189 learned
731 4151 796 4188 men
817 4134 977 4205 commonly
992 4134 1038 4205 lay
1058 4134 1149 4197 down,
1162 4151 1229 4204 goes
1243 4134 1356 4190 further

254 4222 325 4277 thau
339 4221 415 4276 what
427 4239 469 4276 wo
482 4221 554 4275 have
576 4221 635 4275 said
644 4220 808 4290 ;-namely‚
823 4218 886 4274 that
903 4236 944 4273 we
966 4237 1030 4288 may
1046 4226 1121 4274 utter
1142 4219 1302 4274 felsehoods
1324 4228 1354 4274 to

255 4326 293 4363 en
306 4325 413 4379 enemy.
447 4308 524 4363 Thus
537 4314 567 4362 to
578 4306 627 4362 the
639 4307 700 4360 rule
712 4315 758 4359 not
769 4315 795 4359 to
808 4306 849 4370 lie,
859 4323 896 4359 an
909 4307 1063 4377 exception,
1072 4306 1158 4359 ιιιιὶοιι
1170 4315 1196 4359 te
1209 4323 1246 4357 aa
1257 4323 1356 4378 enemy,

256 4396 279 4450 is
299 4395 392 4449 added
413 4395 451 4468 by
473 4395 565 4462 Plato,
588 4390 758 4465 Xenophon,
779 4392 862 4447 Phile
883 4409 986 4464 among
1006 4392 1055 4448 the
1073 4392 1156 4459 Jews,
1175 4390 1357 4464 chrysostom
