2916 4906
133 262 204 321 011.
216 256 286 327 XL]
360 258 655 315 munumentum
675 260 720 315 IN
741 260 865 318 BELLO
886 262 1017 320 Jusuo.
1171 254 1238 320 213

133 427 265 492 arbium
285 424 545 509 sepaparationee,
565 427 708 489 secunde
720 425 855 509 praelie,
876 437 906 490 et
928 427 960 491 ci
975 427 1056 508 quiid
1077 427 1175 490 eliud
1199 429 1236 492 in

135 526 215 592 belle
224 544 429 609 prosperum,
450 524 685 608 soepesortnnoe
702 528 809 609 νιαηὶε
827 546 925 608 qnam
941 527 1059 589 νινινιι·
1072 526 1235 591 debentur.

132 625 178 690 Ae
192 624 229 689 s'n
250 643 374 689 summo
390 622 527 706 imperio
550 623 647 687 vietis
661 624 922 688 misericordiam
941 624 1114 708 impartiri
1135 626 1237 690 selina

127 721 315 810 praedestin
341 742 422 806 opus
450 731 505 785 est.
560 720 658 805 Apud
694 719 836 787 Curtium
864 719 1014 810 legimus=
1048 723 1236 789 Aleeender
1249 742 1295 783 111.
1305 744 1334 783 u.
1344 745 1362 784 ι.

133 842 324 907 qncnqtcam
340 820 416 884 belli
437 820 628 886 auctoribus
636 820 714 904 jure
730 833 863 906 potera
878 822 992 897 irasci,
1011 834 1119 887 tannen
1135 825 1236 888 omni-

134 922 193 987 hus
209 921 307 986 nenio
322 921 417 987 data.

142 1059 146 1065 ·
208 1019 301 1086 VIII.
345 1015 397 1082 De
413 1024 605 1083 neceautem
620 1039 738 1096 eorum,
754 1017 808 1104 qui
818 1040 892 1084 casu
907 1041 971 1084 non
984 1019 1138 1087 destinato
1155 1021 1235 1087 oeciss

133 1116 261 1193 duntur,
284 1116 462 1192 tenendum,
484 1116 567 1202 quod
584 1137 680 1203 supra
702 1117 845 1196 diximus,
864 1117 890 1183 si
911 1141 973 1183 non
986 1118 1126 1204 justitia,
1146 1120 1236 1185 mise·

133 1215 276 1282 ricordiae
295 1224 400 1282 umen
417 1235 484 1280 esse
504 1236 567 1280 non
583 1214 643 1279 nisi
662 1215 784 1304 magnis
803 1217 894 1282 etad
914 1218 1082 1283 multorum
1103 1219 1235 1285 salutem

135 1313 345 1428 perventuris
347 1312 446 1380 causis
467 1312 530 1380 tale
547 1312 621 1399 quid
642 1315 784 1402 aggredi,
801 1316 885 1382 unde
905 1310 1121 1383 innocentibus
1136 1317 1235 1382 immi*

136 1434 211 1479 nere
230 1412 381 1501 pernicies
397 1411 502 1500 possit.
550 1413 641 1478 Idem
661 1413 819 1479 nobiseum
841 1416 936 1479 sensit
952 1414 1111 1502 Polybius,
1130 1416 1235 1502 quili-

136 1511 287 1579 brov.
262 1534 307 1578 ete
326 1510 483 1597 loquitur:
508 1506 546 1578 ον’
567 1506 641 1602 γαρ
663 1506 711 1580 ἐπ
711 1508 885 1601 dwwlteip
906 1506 955 1582 lei
979 1513 1031 1581 nai
1054 1510 1296 1607 ἇφανισμηιῡιο
1306 1540 1334 1576 1¹·

137 1612 208 1685 reis
224 1607 400 1701 ἇὙνῶμοσι
414 1611 570 1690 πολεμεῖν
587 1639 665 1684 τους
682 1606 829 1700 ἇγαθοῠς
845 1605 972 1704 ἄνδρας,
987 1608 1094 1681 ἀλλΗ
1079 1642 1133 1682 ens
1126 1607 1235 1708 drop·

137 1707 235 1778 θῶσει
249 1739 302 1779 και
294 1705 496 1793 μεταθέσει
519 1737 590 1776 των
607 1705 849 1802 ἡμαρτημένων·
875 1704 947 1779 adde
932 1715 1172 1831 εσνναναιρεῖν
1188 1710 1235 1782 ταὶ

137 1801 235 1891 μηδὲν
248 1801 421 1878 ἆδικονντα
443 1808 516 1877 τοῖς
533 1800 724 1888 ἠδικηκόσιν,
747 1807 837 1877 ἀλλὰ
853 1804 1035 1904 συσσῶζειν
1057 1840 1109 1879 και
1102 1810 1236 1900 euve}-

137 1907 375 1999 αιρεισθαι
316 1936 387 1980 τοις
399 1903 552 1980 ἀναιτίοις
565 1906 659 1990 (male
672 1907 775 1973 editur
788 1906 958 1992 ἐναντίοις)
974 1938 1048 1981 τους
1024 1902 1235 1982 donaveras

136 1999 262 2074 ἀδικεῖν·
288 2010 441 2072 honorum
463 2008 610 2072 uirorum
631 2018 687 2082 est,
709 2010 806 2072 etiam
821 2030 893 2073 cnm
912 2010 1020 2074 minas
1036 2012 1152 2095 probis
1171 2034 1235 2076 nens

136 2107 368 2173 internecinam
386 2127 496 2190 perere
518 2106 903 2182 nicomediensem,
927 2120 964 2173 at
986 2109 1109 2174 delicta
1130 2113 1236 2175 ιανοι-

137 2217 238 2270 ανιινι·
252 2217 353 2291 atque
375 2205 601 2270 emendentur:
625 2225 725 2289 neque
748 2207 887 2270 insontes
909 2228 980 2270 cum
1003 2210 1147 2272 sontibus
1167 2230 1236 2272 nna

132 2325 233 2388 poena
247 2305 416 2377 incoluere,
433 2305 490 2368 sed
505 2304 682 2368 insontium
699 2324 801 2368 cansa
818 2305 917 2367 etiarn
933 2305 1078 2370 amitibus
1086 2328 1235 2390 parcere.

207 2401 265 2465 IX.
306 2403 325 2467 1
359 2401 420 2466 His
444 2400 585 2488 cognitis,
612 2400 652 2466 de
679 2401 738 2476 his,
765 2422 835 2485 quae
860 2401 959 2489 magis
984 2402 1129 2487 specialia
1154 2414 1236 2480 sunt,

137 2518 198 2564 nou
216 2499 343 2565 difficilis
362 2499 423 2565 erit
442 2498 588 2564 definitio.
635 2501 798 2564 'Prienam
822 2513 902 2565 cetus
925 2513 1059 2575 ecetnet,
1071 2503 1236 2586 seminam

135 2620 239 2677 saeua
255 2598 312 2666 nit
335 2599 453 2666 Seneca
475 2597 571 2674 libris,
596 2598 708 2683 quibus
730 2598 786 2663 irae
803 2597 956 2666 irascitur.
999 2600 1087 2664 Deus
1111 2599 1177 2687 ipse
1202 2601 1236 2666 in
1248 2620 1293 2662 111.
1301 2622 1329 2662 n.
1337 2623 1367 2662 sc

134 2758 174 2806 Ita
190 2760 351 2807 Scholiasta:
366 2758 481 2806 Dolenter
500 2757 616 2804 declamet
635 2757 660 2804 in
709 2761 792 2803 ναῖκιι
801 2754 985 2816 patefaceres·
999 2756 1236 2804 dimittunturnuiem

133 2835 245 2881 canton
255 2834 365 2890 Achillia,
375 2832 426 2893 qni,
438 2834 461 2878 ιι·
471 2846 517 2891 per
527 2831 660 2891 Apollinem
707 2829 811 2889 virqines
821 2833 843 2875 et
857 2829 980 2876 mulieres.-
997 2845 1092 2876 causam
1102 2833 1189 2889 reddit,
1203 2832 1235 2878 τὸ

133 2909 209 2955 uicere
224 2909 334 2965 licuisset,
350 2908 409 2953 adeo
424 2920 500 2952 acerne
514 2911 574 2961 nat,
584 2910 609 2952 ιιι
619 2918 660 2951 nec
708 2902 851 2961 προσθήκην
861 2902 954 2962 ἀνδρῶν
964 2906 1079 2966 πόλεμον
1094 2924 1221 2953 κατασκιο

134 2984 264 3043 infantibus
281 2997 324 3030 nec
339 2983 365 3029 in
380 2987 446 3029 acero
461 2979 607 3042 perientibus
614 2994 659 3039 pe-
708 2976 1232 3042 ασιίντανποιεῖσθαιγυναῖκαι,ἅνιίμεμαν·

131 3061 251 3117 parum.
275 3056 523 3116 PhilodePrr'neipir
541 3055 659 3103 Censtitu-
707 3052 820 3108 virerum,
839 3052 882 3111 qut
898 3052 1102 3116 bellofabricnnt,
1119 3058 1235 3103 accessio·

135 3127 203 3187 eom,
216 3132 286 3191 (pag.
301 3127 367 3189 ⁷³4.)
381 3125 503 3187 παρθένοι
517 3125 543 3171 ιι
558 3124 599 3171 και
614 3140 660 3183 γυ·
707 3127 848 3185 nnnfacere
863 3126 978 3186 mulieres,
994 3128 1088 3178 immite.
1117 3131 1186 3178 Idem
1206 3132 1236 3178 de

135 3368 234 3428 blood:
253 3372 310 3427 and
324 3371 380 3426 will
394 3388 480 3427 never
495 3373 584 3427 inflict
601 3372 696 3438 death,
718 3381 817 3445 except
832 3374 923 3430 either
939 3381 970 3431 to
992 3375 1074 3429 avoid
1092 3372 1186 3438 death,
1201 3391 1235 3430 or

136 3457 202 3513 evils
224 3458 281 3513 like
302 3457 397 3524 death,
419 3474 453 3512 or
470 3464 500 3513 ιο
518 3458 620 3530 punish
642 3459 742 3513 crimes
770 3458 859 3514 which
882 3477 930 3514 are
952 3460 1057 3531 capital
1077 3459 1107 3512 in
1129 3459 1232 3514 desert

135 3542 199 3598 And
213 3560 284 3599 eren
303 3550 333 3599 ιο
347 3560 426 3599 some
446 3541 509 3598 who
523 3543 594 3598 hare
616 3543 748 3598 deeerrcd
769 3544 839 3610 that,
857 3544 894 3599 he
908 3546 964 3598 will
980 3545 1064 3599 remit
1084 3543 1132 3609 all,
1150 3561 1183 3598 or
1204 3551 1234 3598 nt

135 3626 215 3693 least,
228 3629 333 3702 capital
346 3628 538 3701 punishment,
555 3629 647 3684 either
661 3636 711 3684 out
726 3629 759 3684 oi
773 3629 932 3703 humauity,
949 3647 982 3685 or
999 3631 1045 3685 ior
1059 3646 1137 3686 seme
1152 3630 1234 3686 other

135 3713 273 3785 plausible
287 3731 392 3770 causes.
430 3715 468 3769 So
489 3714 630 3769 Diodorus
651 3731 714 3787 says
734 3714 796 3771 that
817 3716 918 3786 νιιιοιη
932 3718 1045 3787 depende
1064 3734 1099 3770 en
1112 3719 1235 3790 fortune,

135 3800 182 3854 bid
193 3818 282 3871 morey
296 3802 327 3856 in
341 3800 443 3871 νὶνιακμ
457 3817 493 3855 on
506 3800 601 3856 eirena
640 3801 678 3855 So
691 3801 812 3864 Curtius,
827 3801 860 3856 of
871 3802 1038 3857 Alexander.

188 3886 270 3942 VlII.
306 3886 386 3942 With
401 3886 502 3957 regare
517 3891 547 3940 to
562 3885 643 3941 those
658 3885 719 3940 who
732 3902 780 3941 aro
797 3885 886 3940 killed
900 3886 1018 3942 without
1030 3888 1066 3942 its
1084 3887 1169 3960 being
1190 3889 1235 3943 in-

136 3971 249 4036 tended,
263 3988 305 4027 we
324 3979 400 4026 must
414 3971 481 4026 hold
498 3971 561 4027 that
582 3972 608 4027 if
622 3972 725 4042 justice
747 3971 783 4027 do
802 3979 853 4026 not
870 3973 990 4044 require,
1004 3979 1034 4027 nt
1048 3974 1120 4029 least
1137 3991 1234 4046 morey

135 4055 211 4123 does,
229 4056 292 4113 that
310 4073 352 4112 we
369 4056 470 4111 should
485 4062 544 4121 not,
559 4064 659 4128 except
681 4057 727 4112 for
744 4058 863 4131 woighty
877 4075 974 4114 causes
994 4060 1110 4129 tending
1131 4066 1162 4113 to
1184 4059 1235 4114 the

135 4142 226 4214 seiety
240 4143 274 4197 of
285 4159 379 4214 many,
395 4142 550 4198 undertake
562 4142 699 4214 anything
713 4143 803 4199 which
818 4162 882 4217 may
896 4145 1007 4201 involve
1021 4146 1154 4199 innocent
1167 4161 1234 4217 per·

134 4242 199 4282 sons
213 4228 243 4282 in
258 4227 438 4285 destruction.
477 4229 516 4282 So
528 4228 670 4300 Polybius.

187 4313 241 4368 IX.
289 4320 303 4368 1
327 4315 438 4385 Haring
458 4313 561 4368 settled
576 4314 656 4372 these
670 4315 830 4388 principles,
845 4316 867 4373 it
882 4314 938 4369 will
951 4319 1002 4370 not
1016 4315 1052 4372 be
1067 4315 1183 4370 difficolt
1201 4320 1232 4370 to

134 4396 180 4468 lay
191 4398 273 4453 down
285 4416 364 4454 more
375 4399 480 4471 special
491 4399 575 4457 miles.
