2916 4906
99 280 179 335 Car.
192 278 230 347 1,]
271 280 440 335 REGULAE
464 280 692 335 GENERALES
714 282 769 335 EX
790 283 889 337 tuus
911 282 1093 340 NATURAE.
1166 276 1205 337 21

277 450 330 504 lile
345 449 413 503 mihi
427 448 531 502 inrisus
545 448 653 519 pariter
667 466 730 503 eum
745 450 874 505 faucibus
889 452 956 515 orci,

278 536 363 606 Cujus
377 552 456 589 mens
471 535 548 589 aliud
563 535 660 589 condit
674 552 758 607 quam
773 536 868 607 lingua
882 538 1020 607 profatur.

105 633 284 722 Sophocles,
1218 652 1364 746 ww

277 737 378 791 Aliena
390 752 457 791 raro
471 737 600 808 proloqui
614 754 758 808 nunquam
772 738 868 793 decet:
1337 724 1343 735 '

276 823 314 877 At
328 840 395 877 vera
410 828 514 877 certam
529 824 552 877 si
568 824 612 877 eui
628 830 737 895 pestem
751 824 856 888 ferunt,

277 909 351 963 Huic
367 908 459 962 danda
473 909 555 963 venia
569 914 611 964 cst
626 910 649 963 si
665 909 733 964 iacit
747 911 823 980 quod
838 926 895 964 non
911 909 1001 965 docet.

106 1005 291 1073 ⁵Cleobulus
302 1032 310 1073 t

276 1110 456 1166 Mendacium
470 1111 530 1166 odit
544 1112 667 1183 quisquis
681 1113 814 1168 animitus
828 1115 910 1185 sapit.

107 1216 292 1283 Aristoteles
314 1218 404 1295 dixit,
424 1214 495 1285 κατ’
514 1214 598 1285 adri
620 1215 660 1286 τό
684 1215 745 1297 μὲν
763 1213 883 1308 ψεῦδος
902 1223 1034 1314 φαῦλον
1054 1218 1104 1287 sni
1124 1221 1205 1308 ψεκ-
1218 1238 1287 1323 {5⁰1⁶}
1298 1238 1344 1278 sn.

106 1313 176 1393 τδν,
195 1314 237 1383 rd
262 1309 297 1383 de*
314 1313 432 1398 α’ληθὲς
459 1314 560 1385 rabdo
578 1321 630 1385 rai
651 1313 834 1387 ἐπαινετόν·
854 1343 918 1406 pet·
942 1342 975 1385 ae
999 1322 1205 1385 mendacium
1239 1312 1244 1322 ¹

105 1429 199 1502 turpe
213 1429 310 1502 atque
325 1418 549 1501 vituperabile,
564 1419 688 1483 vetitas
699 1420 843 1503 pulchro
859 1441 899 1484 ac
918 1421 1107 1485 laudabilis.

181 1517 203 1580 2
235 1517 346 1601 Neque
363 1525 467 1581 tamen
486 1515 575 1581 deest
590 1515 623 1580 in
639 1515 770 1581 alteram
795 1539 918 1602 quoque
934 1526 1055 1604 partem
1071 1518 1204 1584 auctori-

105 1623 173 1680 tas:
198 1614 332 1701 primum
355 1614 388 1681 in
410 1614 507 1680 sacris
528 1614 626 1679 literis
646 1615 789 1702 exempla
813 1612 1023 1682 tlaudatorum
1047 1618 1205 1682 homiuum

107 1714 173 1779 sine
188 1714 436 1800 reprehensionis
452 1722 547 1779 nota:
573 1713 685 1780 deiude
702 1724 843 1780 veterum
865 1715 1111 1781 Christianorum
1133 1738 1205 1803 pro-

105 1813 257 1889 nuntiata,
282 1812 437 1902 Origeuis,
460 1812 639 1895 Clementis,
662 1814 855 1891 Tertulliani,
879 1814 1042 1891 Lactantii,
1066 1817 1206 1903 Chryso·

105 1912 207 1989 atomi,
226 1911 422 2000 Hieronymi,
441 1911 590 1987 Cassiani,
609 1912 670 1977 imo
686 1934 767 1999 pene
791 1913 936 1990 omnium,
955 1923 990 1978 ut
1006 1913 1071 2000 ipse
1088 1915 1206 1979 fatetur

105 2011 308 2099 Augustinus,
332 2011 377 2077 ita
402 2010 593 2088 dissentiens,
618 2023 654 2078 ut
679 2020 784 2077 tamen
810 2036 965 2099 mnpttatn
990 2015 1204 2099 qaaestionem,

106 2112 300 2177 latebrosam
326 2113 561 2187 tractationem,
588 2114 840 2197 disputationem
864 2116 950 2178 inter
976 2116 1083 2179 doctos
1108 2116 1205 2180 alter-

104 2222 236 2276 nantem
253 2211 333 2294 (haec
348 2209 429 2275 euim
447 2210 550 2275 omnia
566 2210 661 2297 ipsius
678 2212 774 2276 verba
791 2214 876 2295 suut)
890 2222 1047 2299 agnoscat.

172 2312 194 2374 3
230 2309 319 2375 Inter
336 2309 534 2396 philosophos
546 2318 656 2396 aperte
672 2308 745 2374 hinc
760 2318 844 2376 stant
858 2312 1002 2376 Socrates
1019 2321 1052 2376 et
1067 2310 1206 2398 discipuli

102 2406 171 2494 ejus
188 2408 288 2485 Plato,
315 2409 499 2494 Xenophon,
526 2417 559 2474 et
583 2410 695 2475 alieubi
720 2409 839 2489 Cicero,
863 2419 905 2486 et,
932 2410 958 2476 si
978 2410 1147 2476 Plutarcho
1170 2433 1206 2476 ac
1218 2432 1357 2529 pamel.»

105 2507 296 2586 Quintiliano
313 2507 476 2586 aodimus,
503 2507 608 2586 Stoici,
635 2509 689 2595 qui
709 2509 792 2575 iuter
814 2509 962 2596 sapientis
978 2508 1067 2574 dotes
1087 2519 1206 2595 ponunt
1218 2526 1368 2621 pepppfge

1219 2617 1242 2659 n

102 2682 181 2743 hpteri
203 2682 355 2729 institutione
379 2682 462 2728 didicit
486 2683 629 2744 docuitque:
679 2684 780 2742 capto.
813 2681 887 2740 [Vide
898 2694 951 2740 quta
962 2680 992 2725 de
1002 2693 1031 2725 eo
1041 2678 1094 2725 loco
1104 2678 1206 2725 diximus
1218 2644 1372 2749 ffifflm·

102 2758 134 2804 dc
148 2758 233 2816 quibus
248 2758 373 2816 scriptam
384 2772 431 2802 nen
446 2758 576 2816 increpant,
590 2758 632 2803 red
678 2757 704 2802 in
721 2756 783 2801 libro
801 2755 895 2800 Gallico
914 2754 954 2801 De
972 2754 1093 2800 Doctrina
1112 2754 1207 2800 Murali
1218 2754 1371 2841 &milam

102 2832 245 2890 simpliciter
261 2836 313 2877 runt
322 2832 413 2890 potita,
429 2845 473 2876 not
488 2845 534 2877 non
549 2831 631 2879 debere
679 2832 789 2888 Petrum,
800 2830 894 2890 eapiii.
905 2829 920 2890 ᾖ
931 2832 954 2878 t.
984 2829 1064 2890 J.B.]
1219 2847 1255 2887 xii.
1266 2848 1283 2887 1.

95 2905 162 2964 fieri
181 2909 336 2953 mutatores.
364 2904 442 2953 Locus
459 2909 497 2952 est
513 2906 575 2952 libro
594 2919 630 2955 iv.

104 3149 272 3205 introduced
285 3151 325 3224 by
341 3151 391 3207 the
405 3150 545 3225 arbitrnry
559 3153 655 3210 choico
674 3155 707 3210 of
724 3154 900 3220 individuale,
917 3158 969 3209 not
986 3171 1016 3209 as
1034 3155 1057 3210 it
1079 3171 1151 3210 were
1168 3155 1208 3229 by

104 3252 235 3291 common
247 3243 372 3302 consent,
387 3239 442 3292 aud
455 3239 478 3293 is
490 3239 558 3294 such
571 3257 589 3294 a
603 3248 711 3296 eustom
723 3259 753 3296 ns
765 3241 847 3295 binde
860 3257 897 3294 no
911 3257 973 3295 one.

158 3322 211 3376 IX.
251 3329 265 3376 1
289 3324 370 3378 More
385 3341 470 3394 gravo
485 3326 508 3379 is
523 3325 572 3380 the
592 3328 721 3397 question
742 3327 911 3397 concerning
926 3326 1008 3381 those
1023 3325 1099 3396 signs
1114 3325 1207 3380 nhich

102 3405 208 3478 belong
219 3414 249 3463 to
264 3408 314 3463 the
329 3410 409 3463 usttal
421 3412 593 3467 intercourse
611 3414 645 3467 oi
659 3430 733 3477 men,
748 3413 805 3467 and
819 3419 850 3466 to
862 3411 961 3476 which,
977 3411 1057 3465 when
1074 3411 1144 3465 used
1159 3410 1208 3466 de-

103 3493 239 3566 ceitl'ully,
249 3494 300 3548 lies
312 3497 443 3567 properly
456 3496 567 3568 belong.
607 3499 698 3553 There
711 3516 759 3553 are
773 3515 858 3568 many
872 3514 1001 3568 passages
1013 3497 1122 3567 against
1131 3497 1208 3568 lying

103 3579 134 3632 in
147 3578 196 3632 the
209 3580 376 3651 Scripturas,
390 3583 472 3637 Prov.
484 3584 540 3636 xiii.
552 3592 567 3638 t
575 3603 584 3650 ;
602 3602 663 3639 xxx,
678 3590 695 3638 8
700 3604 709 3649 ;
723 3584 818 3639 Psalm
830 3600 856 3637 v.
867 3586 901 3647 73
920 3583 1024 3637 coloss.
1034 3583 1073 3636 iii.
1089 3588 1114 3637 9.
1142 3583 1208 3637 And

101 3664 261 3734 Augtutine
278 3667 302 3720 is
319 3666 391 3737 rigid
409 3684 445 3721 ou
464 3668 519 3723 this
534 3669 602 3734 side,
617 3687 647 3724 as
661 3687 710 3725 are
729 3686 807 3724 semo
823 3668 855 3723 oi
875 3668 924 3723 the
941 3667 1135 3739 philosophers
1152 3669 1209 3722 aud

101 3758 195 3821 poets.
241 3752 280 3807 So
295 3753 411 3819 Homer,
431 3753 592 3826 Sophocles,
613 3756 764 3810 Cleobulus
789 3751 896 3824 [rather
912 3753 1076 3818 Menander,
1101 3754 1129 3809 J.
1149 3749 1209 3822 B.],

102 3837 247 3893 Aristotle,

162 3929 179 3976 2
203 3923 297 3979 There
309 3941 366 3989 aro,
381 3925 518 3991 however,
536 3926 702 3983 authorities
716 3944 753 3983 on
768 3926 817 3981 the
833 3924 916 3979 other
933 3924 1010 3990 side;
1028 3925 1097 3989 first,
1114 3942 1209 3980 exam·

102 4008 165 4079 ples
178 4009 211 4063 oi
222 4026 338 4081 persons
354 4012 383 4065 in
404 4013 549 4083 Scriptura
563 4012 625 4067 nho
640 4015 702 4068 told
723 4014 785 4077 lies,
802 4012 859 4065 and
873 4010 935 4065 who
947 4028 996 4065 aro
1012 4017 1064 4065 not
1079 4010 1207 4065 blamed=

104 4094 162 4149 und
181 4101 257 4161 next,
277 4097 406 4168 opinions
430 4098 463 4151 of
482 4098 598 4153 theold
621 4099 784 4159 Christiana,
802 4098 915 4168 Origen,
939 4097 1077 4161 clemens,
1097 4096 1210 4150 Tertul-

104 4180 172 4246 iisn,
196 4182 369 4245 Lactantius,
397 4182 586 4255 Chrysostom,
611 4185 735 4251 Jerome,
757 4184 887 4247 cassiam
910 4182 1012 4238 indeed
1039 4182 1140 4237 almost
1164 4182 1211 4247 all,

104 4283 136 4320 as
150 4267 307 4339 Augustino
322 4269 438 4324 himself
450 4269 600 4325 confessos.

164 4359 181 4410 3
207 4355 320 4426 Among
327 4355 376 4410 the
386 4355 591 4426 philosophers,
601 4372 644 4410 ne
650 4354 721 4409 have
732 4355 874 4426 evidently
886 4372 922 4409 on
932 4354 987 4409 this
999 4354 1059 4409 side
1072 4354 1211 4414 Socrates,

103 4438 163 4493 and
176 4439 220 4495 his
239 4441 368 4513 disciples
386 4441 468 4497 Plato
489 4441 545 4497 aud
566 4442 742 4512 Xenophon;
763 4442 819 4496 and
838 4443 868 4495 iu
889 4457 967 4497 some
990 4440 1084 4511 places
1105 4437 1212 4502 Cicero,
