2916 4906
101 242 174 302 (iar.
187 236 243 314 X.]
392 240 513 297 ulum·
534 240 578 296 IN
598 239 724 297 BELLO
744 240 917 299 usmaro.
1143 233 1201 297 191

103 407 253 493 πόλεμον
279 398 428 477 δουλείαν
454 399 586 477 τιθέασι
612 397 745 475 δικαίαν.
797 397 927 479 ihored
950 397 988 474 od
1014 409 1116 498 φασι·
1140 403 1202 486 τὴν

103 507 179 601 ‘ydp
198 505 309 603 ἀρχῆν
333 499 505 601 ἐνδέχεται
529 503 576 588 μή
598 497 722 574 δικαίαν
744 507 825 574 εἶναι
851 508 919 573 τῶν
938 500 1104 586 πολέμων·
1128 508 1203 589 qui·

104 612 185 676 dam
200 611 406 694 respicientes
413 609 500 692 justi
516 608 648 690 aliquid
664 599 776 690 (lnam
792 618 823 671 et
841 607 892 671 lec
899 608 1025 690 justum
1043 607 1127 691 quid
1143 608 1202 691 eet)

97 709 227 794 justam
252 729 319 774 ease
345 711 441 773 aiunt
467 710 653 773 servitutem
679 728 718 772 ee
746 706 847 780 tella·
872 717 910 771 at
931 707 1060 770 omnino
1075 704 1203 788 justam

105 830 172 875 erae
195 819 326 893 nepam,
349 810 479 891 quondo
501 808 649 873 occidere
666 817 783 891 potest,
808 817 845 869 ut
871 805 996 888 injusta
1008 806 1120 887 fuerit
1141 805 1203 869 bel-

107 909 203 973 londi
228 928 341 973 cauea.
394 905 502 973 Simile
526 913 575 971 est
598 903 675 969 illud
705 902 899 991 Thucydidis
923 903 956 968 in
984 902 1203 968 Thebanorum
1215 916 1339 958 utum

107 1007 269 1072 emtione:
303 997 354 1079 odo
383 1002 416 1074 ἑν
444 1001 563 1100 χερσὶν
591 999 821 1078 ἀπεκτείνατε,
847 998 911 1095 οὐχ
939 998 1055 1077 ὁμοίως
1074 997 1205 1092 ἀλγοῦ-

107 1124 176 1186 uer·
202 1101 290 1173 rard
321 1102 419 1181 νόμον
442 1102 513 1197 ’γὰρ
539 1096 578 1184 dri
604 1131 677 1170 τινα
703 1096 872 1195 ἔπασχον·
904 1104 945 1167 de
971 1103 1034 1177 tis,
1060 1123 1140 1187 quoe
1167 1104 1205 1167 in

107 1206 259 1290 conflictu
283 1207 459 1282 occidistis,
482 1226 548 1270 oon
571 1205 653 1269 odeo
675 1204 864 1287 querimur:
886 1202 1011 1267 eccidit
1039 1202 1125 1266 enim
1147 1202 1206 1267 hoo

107 1305 179 1370 illie
187 1307 266 1386 jure
281 1305 525 1391 quodammodo.

184 1404 206 1467 2
241 1402 293 1469 Sic
315 1412 348 1470 et
371 1403 430 1491 ipsi
449 1399 661 1490 jurisconsulti
677 1397 822 1477 Romani,
839 1398 923 1486 quod
939 1420 1023 1487 saepe
1035 1398 1089 1487 jus
1105 1398 1207 1487 capti·

108 1500 213 1568 vitatis
233 1511 357 1580 vocant,
381 1503 456 1568 shbr
476 1501 622 1589 injuriam
643 1499 812 1587 appellant,
836 1508 869 1565 et
887 1498 1028 1586 equitati
1045 1507 1205 1587 opponunt
1216 1514 1361 1610 {223st

108 1600 263 1678 netursli;
286 1610 320 1668 et
345 1602 464 1668 Seneca
486 1600 569 1667 servi
591 1620 703 1664 nomen
724 1619 764 1663 ex
784 1597 899 1684 injuria
918 1607 1037 1675 natum,
1062 1599 1096 1665 id
1121 1598 1204 1686 quod
1217 1620 1328 1671 εμιιιι

109 1722 191 1788 supe
206 1699 320 1767 accidit
337 1699 514 1788 respiciens.
561 1696 656 1784 Apud
681 1695 802 1763 Livium
824 1717 948 1784 quoque
972 1698 1047 1764 Itali
1069 1698 1359 1765 retinen-numu.

108 1807 157 1865 tes
175 1820 225 1876 ea,
248 1821 319 1886 quae
341 1798 547 1889 Syracusanis
570 1797 651 1864 bello
672 1796 866 1874 ademerant,
889 1796 1064 1883 pertinaces
1088 1797 1130 1863 ad
1152 1798 1207 1863 ob-

109 1897 267 1965 tinendam
282 1897 425 1985 injuriam
442 1897 649 1985 appellantur.
674 1895 758 1961 Dion
775 1895 965 1960 Prusaeensis
980 1918 1051 1962 cum
1067 1895 1205 1972 dixisset,
1220 1910 1280 1950 ona
1289 1921 1326 1952 xv·

109 1996 190 2063 bello
207 2006 324 2086 captos,
341 1997 368 2063 si
386 1997 428 2063 ad
450 2019 521 2063 suos
540 1994 714 2071 rediissent,
734 1993 912 2059 libertatem
934 1995 1083 2081 recipere,
1107 1994 1206 2072 addit,
1218 1958 1315 2007 „m

110 2093 149 2170 cic
174 2088 284 2167 ddisse
311 2089 534 2173 δουλεύοντας,
559 2107 597 2161 et
629 2097 686 2184 qui
711 2116 775 2179 per
801 2095 963 2178 injuriam
989 2098 1027 2160 in
1055 2097 1208 2161 servitute

101 2198 254 2282 fluissent.

186 2293 385 2363 cLactantius
410 2295 450 2362 de
476 2292 667 2383 philosophis
691 2291 842 2377 loquens:
867 2315 940 2356 cum
964 2296 1004 2358 de
1026 2296 1139 2378 officiis
1164 2294 1273 2385 odam
1284 2298 1372 2340 ”tvl

111 2417 181 2460 rem
197 2396 372 2463 militarem
391 2396 630 2482 pertinentibus
648 2395 831 2478 disputant,
848 2414 944 2477 oeque
966 2394 1013 2456 od
1028 2394 1209 2476 justitiam,

112 2516 211 2581 neque
226 2496 274 2560 ad
296 2518 407 2562 ueram
430 2498 583 2560 virtutem
607 2492 871 2558 accommodatur
888 2491 951 2555 illo
971 2493 1075 2556 omnis
1091 2493 1208 2568 oratio,

111 2596 168 2659 sed
184 2597 231 2659 ad
246 2595 332 2661 heac
350 2597 455 2661 uitam
475 2613 655 2678 moremque
674 2590 810 2656 civilem.
859 2587 949 2654 Idem
970 2612 1042 2655 mox
1058 2610 1079 2655 s
1096 2590 1211 2655 Roma·

111 2691 159 2758 uis
174 2693 222 2759 ait
237 2692 376 2782 legitime
391 2694 494 2760 illatas
510 2691 649 2778 injuriae.

155 2866 286 2915 ruane
303 2864 578 2928 haejmemquiem]
594 2866 638 2912 Se-
687 2863 710 2909 ri
735 2867 829 2910 temne
851 2864 899 2910 ieta
918 2863 1051 2924 respublica
1072 2863 1213 2911 Christiane

111 2954 172 2989 neos
187 2942 223 2989 od
238 2942 351 2989 Helviam
366 2956 387 2988 o.
404 2942 427 2989 o.
442 2941 488 2987 alii
502 2942 577 2987 amis
590 2940 637 2986 ribi
684 2943 803 2997 precepta
813 2939 938 2993 custodiat,
948 2939 1081 2999 etiemipen
1091 2939 1153 2984 tella
1162 2939 1213 2985 eine

106 3015 150 3073 jur
164 3019 190 3062 ia
206 3018 287 3063 aliena
303 3022 369 3063 terra
376 3018 495 3077 fecerunt.
524 3016 637 3074 Pugnnre
687 3012 844 3060 temulentia
869 3029 915 3060 non
934 3022 1052 3076 gerentur.
1094 3016 1161 3062 Idem
1181 3016 1212 3062 de

112 3090 268 3147 videnturjes
278 3089 400 3137 etoliene.
425 3091 473 3135 Sed
482 3089 637 3144 conciliendo,
673 3089 785 3155 ¹dirersis
795 3090 900 3136 ecclesie
912 3092 1132 3140 observationibus:
1146 3093 1213 3153 apud

112 3166 141 3207 ut
150 3161 221 3208 deest
230 3161 365 3207 hictextus.
395 3160 490 3220 Repete
500 3173 554 3220 quen
563 3173 637 3219 supro
687 3178 754 3210 seror
767 3165 817 3211 Dei
831 3166 931 3214 cultores
945 3168 1016 3214 αἰεηι
1030 3169 1085 3229 hera
1097 3169 1212 3229 bellopa-

112 3236 158 3282 hoc
167 3237 229 3283 lihro
238 3235 391 3297 csp.ir.§2.
687 3244 812 3285 certarunt.
833 3240 961 3301 [Ultimum
972 3244 1134 3290 locnmhehot
1145 3246 1211 3290 Auc-

154 3320 167 3346 e
180 3309 333 3371 muman]
349 3312 501 3371 Augustinus
515 3324 571 3358 vero
585 3311 637 3372 epl-
687 3315 877 3373 toraGretieno,
885 3320 956 3364 caus.
964 3318 1029 3366 xxiii.
1037 3318 1129 3373 Qumst.
1140 3320 1154 3365 l.
1162 3334 1181 3364 c.
1188 3320 1210 3366 6.

112 3384 176 3431 stela
185 3399 208 3432 v.
223 3398 278 3444 ques
287 3389 325 3430 est
336 3385 368 3430 ad
379 3385 561 3431 mucellinum:
577 3384 637 3445 (Ep.
688 3390 839 3446 nequeenim
849 3390 906 3435 alibi
915 3392 1041 3451 reperitur,
1053 3392 1118 3450 quod
1130 3393 1210 3439 sciam.

114 3458 165 3503 188.
177 3456 189 3517 §
200 3459 237 3503 14.
249 3455 318 3504 Edit.
327 3454 488 3516 Benedictis.)
498 3472 528 3503 ae
535 3470 581 3516 per
593 3459 637 3506 hoc
686 3461 715 3509 J.
726 3461 772 3523 u]

550 3602 556 3607 .
562 3602 568 3607 .
583 3602 792 3610 ..—-.—.—.-.
799 3604 901 3612 n·—

168 3702 208 3758 11.
246 3710 261 3759 1
285 3704 346 3759 The
360 3721 437 3761 same
449 3706 612 3763 distinction
627 3709 650 3764 is
664 3711 747 3766 made
759 3711 797 3783 hy
809 3712 960 3767 Marcellus
971 3713 1107 3785 speaking
1118 3720 1149 3770 to
1160 3715 1210 3772 the

115 3788 237 3844 &natet
256 3789 294 3861 by
305 3791 450 3856 Aristode,
464 3793 545 3847 when
560 3794 596 3849 he
611 3811 674 3865 says
688 3795 751 3851 that
766 3797 884 3870 slavory,
902 3797 1009 3870 though
1028 3799 1131 3866 hwful,
1145 3819 1211 3875 may

114 3872 150 3930 he
164 3876 275 3944 nujust:
295 3876 333 3948 by
349 3876 397 3931 tho
409 3878 540 3933 Thebans
552 3881 581 3933 iu
594 3880 780 3951 Thucydides.

167 3966 186 4015 2
208 3962 247 4015 So
262 3961 311 4016 the
326 3963 438 4017 Roman
454 3965 559 4034 jurists,
575 3965 683 4037 though
697 3966 766 4040 they
785 3968 871 4040 speak
888 3967 982 4026 ottho
996 3972 1073 4044 right
1091 3972 1125 4027 oi
1144 3990 1209 4045 cap·

113 4046 204 4117 tirity,
219 4048 279 4103 also
293 4048 348 4103 oell
360 4048 416 4103 this
431 4050 507 4121 right
526 4069 544 4105 a
557 4068 661 4123 wrong,
672 4054 785 4126 injuria.
816 4056 855 4109 So
868 4056 983 4112 Seneca
1010 4060 1048 4115 So
1063 4059 1133 4130 Livy
1147 4076 1210 4131 says

114 4131 163 4186 the
178 4132 293 4189 Italiam
302 4150 375 4190 were
389 4134 529 4191 obstinate
543 4137 573 4191 in
587 4138 687 4210 injury,
700 4140 819 4196 becsum
833 4142 902 4215 thoy
914 4144 1041 4199 retained
1054 4144 1129 4199 what
1143 4144 1212 4216 thoy

113 4215 171 4271 had
189 4219 219 4272 iu
232 4236 290 4274 war
303 4221 390 4275 taken
404 4220 477 4276 from
494 4222 543 4277 the
558 4224 736 4294 Syracusane.
762 4227 800 4282 So
814 4229 870 4283 Dio
885 4231 1054 4285 Prusoeensis
1066 4231 1165 4300 speaks
1180 4231 1213 4284 of

113 4304 237 4373 captives
251 4304 338 4360 tehen
349 4306 379 4360 in
390 4324 456 4373 war,
473 4324 504 4362 ss
519 4310 643 4380 unjustly
657 4311 797 4367 onslared.
830 4315 868 4369 So
884 4316 1048 4368 Lactantius
1066 4331 1130 4384 says
1147 4315 1211 4368 that

112 4388 316 4461 philosophem,
332 4391 485 4465 discussing
503 4393 552 4449 the
567 4395 655 4466 rights
670 4397 703 4450 of
722 4415 788 4464 war,
801 4398 839 4454 do
852 4406 903 4454 not
921 4399 1022 4471 regard
1032 4400 1136 4472 justius
1146 4398 1353 4632 ΜΗ
