<?xml version="1.0" encoding="UTF-8"?>
<!DOCTYPE html PUBLIC "-//W3C//DTD XHTML 1.0 Transitional//EN"
    "http://www.w3.org/TR/xhtml1/DTD/xhtml1-transitional.dtd">
<html xmlns="http://www.w3.org/1999/xhtml" xml:lang="en" lang="en">
 <head>
  <title>
</title>
<meta http-equiv="Content-Type" content="text/html;charset=utf-8" />
  <meta name='ocr-system' content='tesseract 3.04.00' />
  <meta name='ocr-capabilities' content='ocr_page ocr_carea ocr_par ocr_line ocrx_word'/>
</head>
<body>
  <div class='ocr_page' id='page_1' title='image "./hugonisgrotiide06barbgoog_0218.png"; bbox 0 0 2916 4906; ppageno 0'>
   <div class='ocr_carea' id='block_1_1' title="bbox 112 206 1212 283">
    <p class='ocr_par' dir='ltr' id='par_1_1' title="bbox 112 206 1212 283">
     <span class='ocr_line' id='line_1_1' title="bbox 112 206 1212 283; baseline -0.001 -14"><span class='ocrx_word' id='word_1_1' title='bbox 112 211 183 270; x_wconf 74' lang='lat' dir='ltr'><em>Gen.</em></span> <span class='ocrx_word' id='word_1_2' title='bbox 196 206 265 283; x_wconf 79' lang='lat' dir='ltr'><em>Xl]</em></span> <span class='ocrx_word' id='word_1_3' title='bbox 332 211 630 269; x_wconf 78' lang='lat' dir='ltr'><strong>INTERFIOIENDI</strong></span> <span class='ocrx_word' id='word_1_4' title='bbox 651 213 694 268; x_wconf 85' lang='lat' dir='ltr'><em>IN</em></span> <span class='ocrx_word' id='word_1_5' title='bbox 716 212 841 269; x_wconf 76' lang='lat' dir='ltr'>BELLO</span> <span class='ocrx_word' id='word_1_6' title='bbox 863 212 993 270; x_wconf 70' lang='lat' dir='ltr'><em>tusto.</em></span> <span class='ocrx_word' id='word_1_7' title='bbox 1151 207 1212 268; x_wconf 81' lang='grc'><em>211</em></span> 
     </span>
    </p>
   </div>
   <div class='ocr_carea' id='block_1_2' title="bbox 100 377 1363 2445">
    <p class='ocr_par' dir='ltr' id='par_1_2' title="bbox 111 377 1214 564">
     <span class='ocr_line' id='line_1_2' title="bbox 111 377 1214 463; baseline 0.004 -21"><span class='ocrx_word' id='word_1_8' title='bbox 111 389 214 444; x_wconf 87' lang='lat' dir='ltr'><em>morte</em></span> <span class='ocrx_word' id='word_1_9' title='bbox 238 377 394 446; x_wconf 83' lang='lat' dir='ltr'><em>sumebat.</em></span> <span class='ocrx_word' id='word_1_10' title='bbox 454 378 549 443; x_wconf 83' lang='lat' dir='ltr'><em>Tame</em></span> <span class='ocrx_word' id='word_1_11' title='bbox 573 378 658 444; x_wconf 88' lang='lat' dir='ltr'><em>enim</em></span> <span class='ocrx_word' id='word_1_12' title='bbox 685 379 811 462; x_wconf 86' lang='lat' dir='ltr'><em>captivi</em></span> <span class='ocrx_word' id='word_1_13' title='bbox 830 399 927 462; x_wconf 71' lang='lat' dir='ltr'><em>repes,</em></span> <span class='ocrx_word' id='word_1_14' title='bbox 957 399 1029 444; x_wconf 85' lang='lat' dir='ltr'><em>cnm</em></span> <span class='ocrx_word' id='word_1_15' title='bbox 1057 400 1081 442; x_wconf 92' lang='lat' dir='ltr'><em>a</em></span> <span class='ocrx_word' id='word_1_16' title='bbox 1103 381 1214 463; x_wconf 90' lang='lat' dir='ltr'><em>portis</em></span> 
     </span>
     <span class='ocr_line' id='line_1_3' title="bbox 112 477 1213 564; baseline 0 -21"><span class='ocrx_word' id='word_1_17' title='bbox 112 498 212 564; x_wconf 79' lang='lat' dir='ltr'><em>aeque</em></span> <span class='ocrx_word' id='word_1_18' title='bbox 227 479 276 542; x_wconf 86' lang='lat' dir='ltr'><em>ad</em></span> <span class='ocrx_word' id='word_1_19' title='bbox 285 478 402 561; x_wconf 80' lang='lat' dir='ltr'><em>seram</em></span> <span class='ocrx_word' id='word_1_20' title='bbox 420 477 696 560; x_wconf 77' lang='lat' dir='ltr'><strong><em>triumphantium</em></strong></span> <span class='ocrx_word' id='word_1_21' title='bbox 717 498 834 542; x_wconf 81' lang='lat' dir='ltr'><em>curras</em></span> <span class='ocrx_word' id='word_1_22' title='bbox 853 478 1080 554; x_wconf 68' lang='lat' dir='ltr'><em>honestassent,</em></span> <span class='ocrx_word' id='word_1_23' title='bbox 1101 479 1213 543; x_wconf 65' lang='lat' dir='ltr'><em>amal-</em></span> 
     </span>
    </p>

    <p class='ocr_par' dir='ltr' id='par_1_3' title="bbox 109 575 1363 1256">
     <span class='ocr_line' id='line_1_4' title="bbox 110 575 1211 662; baseline 0 -20"><span class='ocrx_word' id='word_1_24' title='bbox 110 588 210 662; x_wconf 80' lang='lat' dir='ltr'><em>atque</em></span> <span class='ocrx_word' id='word_1_25' title='bbox 238 577 276 642; x_wconf 92' lang='lat' dir='ltr'><em>in</em></span> <span class='ocrx_word' id='word_1_26' title='bbox 306 575 509 660; x_wconf 75' lang='lat' dir='ltr'><em>Capitolium</em></span> <span class='ocrx_word' id='word_1_27' title='bbox 540 596 673 641; x_wconf 83' lang='lat' dir='ltr'><em>carram</em></span> <span class='ocrx_word' id='word_1_28' title='bbox 698 577 830 659; x_wconf 83' lang='lat' dir='ltr'><em>flectere</em></span> <span class='ocrx_word' id='word_1_29' title='bbox 854 588 993 662; x_wconf 82' lang='lat' dir='ltr'><em>caperat</em></span> <span class='ocrx_word' id='word_1_30' title='bbox 1018 578 1211 662; x_wconf 82' lang='lat' dir='ltr'><em>Imperator,</em></span> 
     </span>
     <span class='ocr_line' id='line_1_5' title="bbox 110 675 1212 762; baseline 0.002 -22"><span class='ocrx_word' id='word_1_31' title='bbox 110 677 242 760; x_wconf 81' lang='lat' dir='ltr'><em>abrepti</em></span> <span class='ocrx_word' id='word_1_32' title='bbox 261 676 300 741; x_wconf 88' lang='lat' dir='ltr'><em>in</em></span> <span class='ocrx_word' id='word_1_33' title='bbox 315 695 478 740; x_wconf 87' lang='lat' dir='ltr'><em>carcerem</em></span> <span class='ocrx_word' id='word_1_34' title='bbox 493 675 698 740; x_wconf 80' lang='lat' dir='ltr'><em>necabantur</em></span> <span class='ocrx_word' id='word_1_35' title='bbox 713 696 798 740; x_wconf 82' lang='lat' dir='ltr'><em>nnus</em></span> <span class='ocrx_word' id='word_1_36' title='bbox 812 697 877 760; x_wconf 90' lang='lat' dir='ltr'><em>pro</em></span> <span class='ocrx_word' id='word_1_37' title='bbox 894 677 998 760; x_wconf 74' lang='lat' dir='ltr'><em>sapsa</em></span> <span class='ocrx_word' id='word_1_38' title='bbox 1014 675 1127 741; x_wconf 87' lang='lat' dir='ltr'><em>Panlo</em></span> <span class='ocrx_word' id='word_1_39' title='bbox 1149 678 1212 762; x_wconf 81' lang='lat' dir='ltr'><em>qni</em></span> 
     </span>
     <span class='ocr_line' id='line_1_6' title="bbox 109 771 1210 861; baseline 0.001 -21"><span class='ocrx_word' id='word_1_40' title='bbox 109 777 269 843; x_wconf 81' lang='lat' dir='ltr'><em>sedentem</em></span> <span class='ocrx_word' id='word_1_41' title='bbox 291 795 325 840; x_wconf 87' lang='lat' dir='ltr'><em>se</em></span> <span class='ocrx_word' id='word_1_42' title='bbox 346 784 516 858; x_wconf 70' lang='lat' dir='ltr'><em>accepaat</em></span> <span class='ocrx_word' id='word_1_43' title='bbox 534 774 726 858; x_wconf 76' lang='lat' dir='ltr'><em>deprecante</em></span> <span class='ocrx_word' id='word_1_44' title='bbox 741 771 845 860; x_wconf 80' lang='lat' dir='ltr'><em>ssege·</em></span> <span class='ocrx_word' id='word_1_45' title='bbox 870 795 956 840; x_wconf 84' lang='lat' dir='ltr'><em>mnus</em></span> <span class='ocrx_word' id='word_1_46' title='bbox 979 776 1154 840; x_wconf 78' lang='lat' dir='ltr'><em>Persam</em></span> <span class='ocrx_word' id='word_1_47' title='bbox 1139 797 1210 861; x_wconf 77' lang='lat' dir='ltr'><em>spec</em></span> 
     </span>
     <span class='ocr_line' id='line_1_7' title="bbox 111 874 1337 959; baseline 0.002 -22"><span class='ocrx_word' id='word_1_48' title='bbox 111 875 228 949; x_wconf 84' lang='lat' dir='ltr'><em>Panlo,</em></span> <span class='ocrx_word' id='word_1_49' title='bbox 250 874 311 959; x_wconf 81' lang='lat' dir='ltr'><em>qni</em></span> <span class='ocrx_word' id='word_1_50' title='bbox 334 874 497 939; x_wconf 82' lang='lat' dir='ltr'><em>dedentem</em></span> <span class='ocrx_word' id='word_1_51' title='bbox 520 894 553 939; x_wconf 87' lang='lat' dir='ltr'><em>ee</em></span> <span class='ocrx_word' id='word_1_52' title='bbox 574 884 752 956; x_wconf 72' lang='lat' dir='ltr'><em>acceperim,</em></span> <span class='ocrx_word' id='word_1_53' title='bbox 778 874 982 956; x_wconf 78' lang='lat' dir='ltr'><em>deprecante)</em></span> <span class='ocrx_word' id='word_1_54' title='bbox 1003 874 1101 957; x_wconf 71' lang='lat' dir='ltr'><em>tepens</em></span> <span class='ocrx_word' id='word_1_55' title='bbox 1116 874 1210 941; x_wconf 82' lang='lat' dir='ltr'><em>illine</em></span> <span class='ocrx_word' id='word_1_56' title='bbox 1223 890 1337 932; x_wconf 72' lang='lat' dir='ltr'><em>vana</em></span> 
     </span>
     <span class='ocr_line' id='line_1_8' title="bbox 110 937 1363 1058; baseline -0.005 -19"><span class='ocrx_word' id='word_1_57' title='bbox 110 973 294 1039; x_wconf 82' lang='lat' dir='ltr'><em>severitatis</em></span> <span class='ocrx_word' id='word_1_58' title='bbox 317 972 443 1038; x_wconf 80' lang='lat' dir='ltr'><em>evasit:</em></span> <span class='ocrx_word' id='word_1_59' title='bbox 465 972 563 1037; x_wconf 89' lang='lat' dir='ltr'><em>ceteri</em></span> <span class='ocrx_word' id='word_1_60' title='bbox 578 972 616 1037; x_wconf 89' lang='lat' dir='ltr'><em>in</em></span> <span class='ocrx_word' id='word_1_61' title='bbox 629 973 770 1037; x_wconf 81' lang='lat' dir='ltr'><em>vinculis</em></span> <span class='ocrx_word' id='word_1_62' title='bbox 786 973 1015 1057; x_wconf 66' lang='lat' dir='ltr'><em>‘inceptiones‘</em></span> <span class='ocrx_word' id='word_1_63' title='bbox 1029 973 1110 1038; x_wconf 83' lang='lat' dir='ltr'><em>aliie</em></span> <span class='ocrx_word' id='word_1_64' title='bbox 1125 937 1363 1058; x_wconf 63' lang='lat' dir='ltr'><em>regri-otteML</em></span> 
     </span>
     <span class='ocr_line' id='line_1_9' title="bbox 110 1071 1209 1148; baseline -0.002 -10"><span class='ocrx_word' id='word_1_65' title='bbox 110 1073 169 1138; x_wconf 82' lang='lat' dir='ltr'><em>bus</em></span> <span class='ocrx_word' id='word_1_66' title='bbox 179 1072 295 1138; x_wconf 70' lang='lat' dir='ltr'><em>aenos</em></span> <span class='ocrx_word' id='word_1_67' title='bbox 310 1072 542 1148; x_wconf 69' lang='lat' dir='ltr'><em>decumanum,</em></span> <span class='ocrx_word' id='word_1_68' title='bbox 567 1081 603 1135; x_wconf 84' lang='lat' dir='ltr'><em>at</em></span> <span class='ocrx_word' id='word_1_69' title='bbox 620 1071 753 1135; x_wconf 89' lang='lat' dir='ltr'><em>mallent</em></span> <span class='ocrx_word' id='word_1_70' title='bbox 770 1073 955 1137; x_wconf 74' lang='lat' dir='ltr'><em>amicitiam</em></span> <span class='ocrx_word' id='word_1_71' title='bbox 970 1072 1071 1137; x_wconf 87' lang='lat' dir='ltr'><em>colere</em></span> <span class='ocrx_word' id='word_1_72' title='bbox 1089 1074 1209 1136; x_wconf 81' lang='lat' dir='ltr'><em>Romu·-</em></span> 
     </span>
     <span class='ocr_line' id='line_1_10' title="bbox 109 1168 1207 1256; baseline 0.002 -20"><span class='ocrx_word' id='word_1_73' title='bbox 109 1192 234 1248; x_wconf 83' lang='lat' dir='ltr'><em>noram,</em></span> <span class='ocrx_word' id='word_1_74' title='bbox 255 1192 356 1256; x_wconf 80' lang='lat' dir='ltr'><em>qnam</em></span> <span class='ocrx_word' id='word_1_75' title='bbox 373 1190 569 1254; x_wconf 74' lang='lat' dir='ltr'><em>eoaspaare</em></span> <span class='ocrx_word' id='word_1_76' title='bbox 583 1168 766 1253; x_wconf 69' lang='lat' dir='ltr'><em>mititiam.</em></span> <span class='ocrx_word' id='word_1_77' title='bbox 818 1170 883 1236; x_wconf 81' lang='lat' dir='ltr'><em>sed</em></span> <span class='ocrx_word' id='word_1_78' title='bbox 899 1179 933 1236; x_wconf 90' lang='lat' dir='ltr'><em>et</em></span> <span class='ocrx_word' id='word_1_79' title='bbox 952 1168 1049 1235; x_wconf 89' lang='lat' dir='ltr'><em>hic</em></span> <span class='ocrx_word' id='word_1_80' title='bbox 1019 1170 1109 1236; x_wconf 90' lang='lat' dir='ltr'><em>mmis</em></span> <span class='ocrx_word' id='word_1_81' title='bbox 1126 1169 1207 1239; x_wconf 82' lang='lat' dir='ltr'><em>laxe.</em></span> 
     </span>
    </p>

    <p class='ocr_par' dir='ltr' id='par_1_4' title="bbox 109 1266 1208 1355">
     <span class='ocr_line' id='line_1_11' title="bbox 109 1266 1208 1355; baseline 0.004 -23"><span class='ocrx_word' id='word_1_82' title='bbox 109 1267 195 1336; x_wconf 84' lang='lat' dir='ltr'><em>Dicit</em></span> <span class='ocrx_word' id='word_1_83' title='bbox 210 1267 335 1355; x_wconf 90' lang='lat' dir='ltr'><em>quidem</em></span> <span class='ocrx_word' id='word_1_84' title='bbox 350 1269 373 1334; x_wconf 84' lang='lat' dir='ltr'>J</span> <span class='ocrx_word' id='word_1_85' title='bbox 374 1268 508 1354; x_wconf 89' lang='lat' dir='ltr'><em>osephus</em></span> <span class='ocrx_word' id='word_1_86' title='bbox 527 1266 610 1333; x_wconf 81' lang='lat' dir='ltr'><em>idem</em></span> <span class='ocrx_word' id='word_1_87' title='bbox 627 1266 668 1334; x_wconf 89' lang='lat' dir='ltr'><em>de</em></span> <span class='ocrx_word' id='word_1_88' title='bbox 683 1267 850 1334; x_wconf 83' lang='lat' dir='ltr'><em>severitate</em></span> <span class='ocrx_word' id='word_1_89' title='bbox 868 1269 1080 1335; x_wconf 86' lang='lat' dir='ltr'><em>Romanorum</em></span> <span class='ocrx_word' id='word_1_90' title='bbox 1097 1268 1129 1334; x_wconf 90' lang='lat' dir='ltr'><em>in</em></span> <span class='ocrx_word' id='word_1_91' title='bbox 1146 1268 1208 1336; x_wconf 88' lang='lat' dir='ltr'><em>his·</em></span> 
     </span>
    </p>

    <p class='ocr_par' dir='ltr' id='par_1_5' title="bbox 109 1363 1206 1456">
     <span class='ocr_line' id='line_1_12' title="bbox 109 1363 1206 1456; baseline -0.005 -17"><span class='ocrx_word' id='word_1_92' title='bbox 109 1365 191 1439; x_wconf 75' lang='lat' dir='ltr'><em>nris</em></span> <span class='ocrx_word' id='word_1_93' title='bbox 216 1366 372 1437; x_wconf 77' lang='lat' dir='ltr'><em>interfecti</em></span> <span class='ocrx_word' id='word_1_94' title='bbox 397 1364 531 1434; x_wconf 80' lang='lat' dir='ltr'><em>Simonis</em></span> <span class='ocrx_word' id='word_1_95' title='bbox 559 1363 720 1453; x_wconf 79' lang='lat' dir='ltr'><em>Barjorm:</em></span> <span class='ocrx_word' id='word_1_96' title='bbox 756 1367 812 1433; x_wconf 86' lang='lat' dir='ltr'><em>sed</em></span> <span class='ocrx_word' id='word_1_97' title='bbox 838 1368 879 1434; x_wconf 90' lang='lat' dir='ltr'><em>de</em></span> <span class='ocrx_word' id='word_1_98' title='bbox 903 1367 1032 1435; x_wconf 88' lang='lat' dir='ltr'><em>ducibus</em></span> <span class='ocrx_word' id='word_1_99' title='bbox 1058 1367 1206 1456; x_wconf 90' lang='lat' dir='ltr'><em>loquitur,</em></span> 
     </span>
    </p>

    <p class='ocr_par' dir='ltr' id='par_1_6' title="bbox 100 1464 1332 2149">
     <span class='ocr_line' id='line_1_13' title="bbox 107 1464 1206 1556; baseline 0.001 -25"><span class='ocrx_word' id='word_1_100' title='bbox 107 1465 209 1553; x_wconf 67' lang='lat' dir='ltr'><em>quain</em></span> <span class='ocrx_word' id='word_1_101' title='bbox 224 1465 354 1532; x_wconf 83' lang='lat' dir='ltr'><em>Pontius</em></span> <span class='ocrx_word' id='word_1_102' title='bbox 367 1464 498 1543; x_wconf 75' lang='lat' dir='ltr'><em>Samnis,</em></span> <span class='ocrx_word' id='word_1_103' title='bbox 516 1486 579 1531; x_wconf 90' lang='lat' dir='ltr'><em>uon</em></span> <span class='ocrx_word' id='word_1_104' title='bbox 596 1465 636 1531; x_wconf 89' lang='lat' dir='ltr'><em>de</em></span> <span class='ocrx_word' id='word_1_105' title='bbox 647 1464 706 1542; x_wconf 88' lang='lat' dir='ltr'><em>his,</em></span> <span class='ocrx_word' id='word_1_106' title='bbox 723 1465 835 1552; x_wconf 91' lang='lat' dir='ltr'><em>quibus</em></span> <span class='ocrx_word' id='word_1_107' title='bbox 850 1466 971 1556; x_wconf 81' lang='lat' dir='ltr'><em>regium</em></span> <span class='ocrx_word' id='word_1_108' title='bbox 985 1475 1068 1534; x_wconf 86' lang='lat' dir='ltr'><em>esset</em></span> <span class='ocrx_word' id='word_1_109' title='bbox 1083 1489 1206 1534; x_wconf 90' lang='lat' dir='ltr'><em>nomen.</em></span> 
     </span>
     <span class='ocr_line' id='line_1_14' title="bbox 108 1563 1332 1677; baseline 0.001 -44"><span class='ocrx_word' id='word_1_110' title='bbox 108 1564 287 1634; x_wconf 81' lang='lat' dir='ltr'><em>Verborum</em></span> <span class='ocrx_word' id='word_1_111' title='bbox 306 1586 414 1633; x_wconf 77' lang='lat' dir='ltr'><em>sensus</em></span> <span class='ocrx_word' id='word_1_112' title='bbox 429 1563 573 1631; x_wconf 74' lang='lat' dir='ltr'><em>labne</em></span> <span class='ocrx_word' id='word_1_113' title='bbox 549 1585 593 1630; x_wconf 86' lang='lat' dir='ltr'><em>uc</em></span> <span class='ocrx_word' id='word_1_114' title='bbox 608 1563 722 1631; x_wconf 85' lang='lat' dir='ltr'><em>habet.</em></span> <span class='ocrx_word' id='word_1_115' title='bbox 732 1567 814 1647; x_wconf 80' lang='lat' dir='ltr'><em>finis</em></span> <span class='ocrx_word' id='word_1_116' title='bbox 837 1568 998 1653; x_wconf 78' lang='lat' dir='ltr'><em>triumphi</em></span> <span class='ocrx_word' id='word_1_117' title='bbox 1018 1579 1101 1644; x_wconf 87' lang='lat' dir='ltr'><em>erat,</em></span> <span class='ocrx_word' id='word_1_118' title='bbox 1117 1581 1207 1653; x_wconf 89' lang='lat' dir='ltr'><em>post·</em></span> <span class='ocrx_word' id='word_1_119' title='bbox 1219 1582 1332 1677; x_wconf 57' lang='lat' dir='ltr'><em>efflig-</em></span> 
     </span>
     <span class='ocr_line' id='line_1_15' title="bbox 108 1664 1208 1751; baseline 0.003 -21"><span class='ocrx_word' id='word_1_120' title='bbox 108 1687 208 1750; x_wconf 74' lang='lat' dir='ltr'><em>meam</em></span> <span class='ocrx_word' id='word_1_121' title='bbox 223 1667 271 1730; x_wconf 85' lang='lat' dir='ltr'><em>ad</em></span> <span class='ocrx_word' id='word_1_122' title='bbox 296 1665 494 1750; x_wconf 79' lang='lat' dir='ltr'><em>Capitolium</em></span> <span class='ocrx_word' id='word_1_123' title='bbox 509 1664 605 1731; x_wconf 73' lang='lat' dir='ltr'><em>Jooie</em></span> <span class='ocrx_word' id='word_1_124' title='bbox 621 1665 720 1732; x_wconf 62' lang='lat' dir='ltr'><em>wem</em></span> <span class='ocrx_word' id='word_1_125' title='bbox 737 1677 810 1730; x_wconf 85' lang='lat' dir='ltr'><em>erat</em></span> <span class='ocrx_word' id='word_1_126' title='bbox 824 1678 1040 1751; x_wconf 65' lang='lat' dir='ltr'><em>panaciam</em></span> <span class='ocrx_word' id='word_1_127' title='bbox 1063 1689 1142 1733; x_wconf 88' lang='lat' dir='ltr'><em>nam</em></span> <span class='ocrx_word' id='word_1_128' title='bbox 1158 1669 1208 1734; x_wconf 88' lang='lat' dir='ltr'><em>ibi</em></span> 
     </span>
     <span class='ocr_line' id='line_1_16' title="bbox 107 1764 1208 1853; baseline 0.001 -23"><span class='ocrx_word' id='word_1_129' title='bbox 107 1776 292 1853; x_wconf 73' lang='lat' dir='ltr'><em>exspectare</em></span> <span class='ocrx_word' id='word_1_130' title='bbox 306 1767 525 1848; x_wconf 87' lang='lat' dir='ltr'><em>Imperatores</em></span> <span class='ocrx_word' id='word_1_131' title='bbox 546 1785 615 1829; x_wconf 90' lang='lat' dir='ltr'><em>moe</em></span> <span class='ocrx_word' id='word_1_132' title='bbox 636 1764 793 1845; x_wconf 80' lang='lat' dir='ltr'><em>antiquae</em></span> <span class='ocrx_word' id='word_1_133' title='bbox 806 1765 932 1850; x_wconf 85' lang='lat' dir='ltr'><em>patria</em></span> <span class='ocrx_word' id='word_1_134' title='bbox 940 1765 1086 1848; x_wconf 76' lang='lat' dir='ltr'><em>jubebat,</em></span> <span class='ocrx_word' id='word_1_135' title='bbox 1109 1768 1208 1832; x_wconf 89' lang='lat' dir='ltr'><em>donec</em></span> 
     </span>
     <span class='ocr_line' id='line_1_17' title="bbox 107 1862 1207 1932; baseline 0.002 -3"><span class='ocrx_word' id='word_1_136' title='bbox 107 1866 265 1932; x_wconf 78' lang='lat' dir='ltr'><em>nuntiata</em></span> <span class='ocrx_word' id='word_1_137' title='bbox 294 1875 373 1930; x_wconf 86' lang='lat' dir='ltr'><em>esset</em></span> <span class='ocrx_word' id='word_1_138' title='bbox 393 1884 480 1929; x_wconf 88' lang='lat' dir='ltr'><em>mors</em></span> <span class='ocrx_word' id='word_1_139' title='bbox 508 1862 647 1928; x_wconf 82' lang='lat' dir='ltr'><em>boetium</em></span> <span class='ocrx_word' id='word_1_140' title='bbox 672 1864 775 1930; x_wconf 84' lang='lat' dir='ltr'><em>dacis.</em></span> <span class='ocrx_word' id='word_1_141' title='bbox 818 1865 855 1929; x_wconf 87' lang='lat' dir='ltr'><em>Ie</em></span> <span class='ocrx_word' id='word_1_142' title='bbox 877 1876 948 1929; x_wconf 85' lang='lat' dir='ltr'><em>erat</em></span> <span class='ocrx_word' id='word_1_143' title='bbox 974 1865 1089 1930; x_wconf 84' lang='lat' dir='ltr'><em>Simon</em></span> <span class='ocrx_word' id='word_1_144' title='bbox 1116 1866 1207 1931; x_wconf 85' lang='lat' dir='ltr'><em>Joroe</em></span> 
     </span>
     <span class='ocr_line' id='line_1_18' title="bbox 100 1961 1207 2048; baseline -0.003 -17"><span class='ocrx_word' id='word_1_145' title='bbox 100 1964 205 2048; x_wconf 75' lang='lat' dir='ltr'><em>filins,</em></span> <span class='ocrx_word' id='word_1_146' title='bbox 229 1964 288 2047; x_wconf 83' lang='lat' dir='ltr'><em>qai</em></span> <span class='ocrx_word' id='word_1_147' title='bbox 316 1964 404 2028; x_wconf 89' lang='lat' dir='ltr'><em>inter</em></span> <span class='ocrx_word' id='word_1_148' title='bbox 429 1962 577 2046; x_wconf 82' lang='lat' dir='ltr'><em>captivos</em></span> <span class='ocrx_word' id='word_1_149' title='bbox 602 1961 640 2026; x_wconf 86' lang='lat' dir='ltr'><em>in</em></span> <span class='ocrx_word' id='word_1_150' title='bbox 665 1961 830 2046; x_wconf 75' lang='lat' dir='ltr'><em>triumpho</em></span> <span class='ocrx_word' id='word_1_151' title='bbox 855 1963 1056 2030; x_wconf 79' lang='lat' dir='ltr'><em>docebatur:</em></span> <span class='ocrx_word' id='word_1_152' title='bbox 1081 1965 1113 2030; x_wconf 87' lang='lat' dir='ltr'><em>is</em></span> <span class='ocrx_word' id='word_1_153' title='bbox 1138 1976 1207 2029; x_wconf 85' lang='lat' dir='ltr'><em>tam</em></span> 
     </span>
     <span class='ocr_line' id='line_1_19' title="bbox 107 2060 1207 2149; baseline 0.001 -23"><span class='ocrx_word' id='word_1_154' title='bbox 107 2064 223 2148; x_wconf 71' lang='lat' dir='ltr'><em>injbcto</em></span> <span class='ocrx_word' id='word_1_155' title='bbox 245 2063 359 2148; x_wconf 79' lang='lat' dir='ltr'><em>laqueo</em></span> <span class='ocrx_word' id='word_1_156' title='bbox 376 2061 412 2127; x_wconf 86' lang='lat' dir='ltr'><em>in</em></span> <span class='ocrx_word' id='word_1_157' title='bbox 425 2061 544 2145; x_wconf 78' lang='lat' dir='ltr'><em>sorum</em></span> <span class='ocrx_word' id='word_1_158' title='bbox 561 2060 717 2136; x_wconf 74' lang='lat' dir='ltr'><em>traicitur,</em></span> <span class='ocrx_word' id='word_1_159' title='bbox 739 2061 986 2129; x_wconf 80' lang='lat' dir='ltr'><em>verberantibus</em></span> <span class='ocrx_word' id='word_1_160' title='bbox 1002 2063 1135 2149; x_wconf 83' lang='lat' dir='ltr'><em>insuper</em></span> <span class='ocrx_word' id='word_1_161' title='bbox 1156 2066 1207 2148; x_wconf 88' lang='lat' dir='ltr'><em>ip-</em></span> 
     </span>
    </p>

    <p class='ocr_par' dir='ltr' id='par_1_7' title="bbox 106 2159 1207 2246">
     <span class='ocr_line' id='line_1_20' title="bbox 106 2159 1207 2246; baseline -0.003 -17"><span class='ocrx_word' id='word_1_162' title='bbox 106 2184 178 2229; x_wconf 82' lang='lat' dir='ltr'><em>sum</em></span> <span class='ocrx_word' id='word_1_163' title='bbox 192 2162 385 2229; x_wconf 76' lang='lat' dir='ltr'><em>ocutodibns.</em></span> <span class='ocrx_word' id='word_1_164' title='bbox 431 2162 524 2226; x_wconf 90' lang='lat' dir='ltr'><em>Nam</em></span> <span class='ocrx_word' id='word_1_165' title='bbox 547 2180 582 2226; x_wconf 91' lang='lat' dir='ltr'><em>eo</em></span> <span class='ocrx_word' id='word_1_166' title='bbox 602 2160 639 2224; x_wconf 90' lang='lat' dir='ltr'><em>in</em></span> <span class='ocrx_word' id='word_1_167' title='bbox 661 2159 728 2225; x_wconf 90' lang='lat' dir='ltr'><em>loco</em></span> <span class='ocrx_word' id='word_1_168' title='bbox 747 2181 816 2226; x_wconf 87' lang='lat' dir='ltr'><em>mos</em></span> <span class='ocrx_word' id='word_1_169' title='bbox 835 2173 882 2227; x_wconf 90' lang='lat' dir='ltr'><em>eet</em></span> <span class='ocrx_word' id='word_1_170' title='bbox 901 2163 1061 2236; x_wconf 82' lang='lat' dir='ltr'><em>Romanis</em></span> <span class='ocrx_word' id='word_1_171' title='bbox 1082 2164 1207 2246; x_wconf 81' lang='lat' dir='ltr'><em>suppli-</em></span> 
     </span>
    </p>

    <p class='ocr_par' dir='ltr' id='par_1_8' title="bbox 107 2258 1208 2445">
     <span class='ocr_line' id='line_1_21' title="bbox 107 2258 1208 2344; baseline -0.004 -15"><span class='ocrx_word' id='word_1_172' title='bbox 107 2263 194 2329; x_wconf 85' lang='lat' dir='ltr'><em>ciam</em></span> <span class='ocrx_word' id='word_1_173' title='bbox 221 2282 344 2329; x_wconf 76' lang='lat' dir='ltr'><em>mmere</em></span> <span class='ocrx_word' id='word_1_174' title='bbox 372 2261 412 2324; x_wconf 86' lang='lat' dir='ltr'><em>de</em></span> <span class='ocrx_word' id='word_1_175' title='bbox 439 2258 609 2324; x_wconf 81' lang='lat' dir='ltr'><em>damnatio</em></span> <span class='ocrx_word' id='word_1_176' title='bbox 637 2259 677 2324; x_wconf 90' lang='lat' dir='ltr'><em>ob</em></span> <span class='ocrx_word' id='word_1_177' title='bbox 702 2280 805 2325; x_wconf 79' lang='lat' dir='ltr'><em>nomae</em></span> <span class='ocrx_word' id='word_1_178' title='bbox 831 2260 998 2344; x_wconf 79' lang='lat' dir='ltr'><em>capitales.</em></span> <span class='ocrx_word' id='word_1_179' title='bbox 1050 2261 1120 2326; x_wconf 88' lang='lat' dir='ltr'><em>Hie</em></span> <span class='ocrx_word' id='word_1_180' title='bbox 1149 2262 1208 2325; x_wconf 87' lang='lat' dir='ltr'><em>nbi</em></span> 
     </span>
     <span class='ocr_line' id='line_1_22' title="bbox 107 2359 1207 2445; baseline 0 -21"><span class='ocrx_word' id='word_1_181' title='bbox 107 2362 212 2426; x_wconf 82' lang='lat' dir='ltr'><em>vitam</em></span> <span class='ocrx_word' id='word_1_182' title='bbox 218 2361 345 2445; x_wconf 74' lang='lat' dir='ltr'><em>finiisse</em></span> <span class='ocrx_word' id='word_1_183' title='bbox 358 2359 531 2425; x_wconf 79' lang='lat' dir='ltr'><em>nuntiatae</em></span> <span class='ocrx_word' id='word_1_184' title='bbox 546 2368 601 2433; x_wconf 88' lang='lat' dir='ltr'><em>eet,</em></span> <span class='ocrx_word' id='word_1_185' title='bbox 613 2368 724 2424; x_wconf 81' lang='lat' dir='ltr'><em>cecata</em></span> <span class='ocrx_word' id='word_1_186' title='bbox 735 2370 811 2423; x_wconf 84' lang='lat' dir='ltr'><em>sant</em></span> <span class='ocrx_word' id='word_1_187' title='bbox 817 2359 942 2442; x_wconf 81' lang='lat' dir='ltr'><em>saneta</em></span> <span class='ocrx_word' id='word_1_188' title='bbox 954 2359 1074 2435; x_wconf 88' lang='lat' dir='ltr'><em>omina,</em></span> <span class='ocrx_word' id='word_1_189' title='bbox 1091 2360 1207 2424; x_wconf 86' lang='lat' dir='ltr'><em>deinde</em></span> 
     </span>
    </p>
   </div>
   <div class='ocr_carea' id='block_1_3' title="bbox 104 2454 1344 2849">
    <p class='ocr_par' dir='ltr' id='par_1_9' title="bbox 107 2454 1344 2644">
     <span class='ocr_line' id='line_1_23' title="bbox 107 2454 1344 2544; baseline -0.01 -18"><span class='ocrx_word' id='word_1_190' title='bbox 107 2460 284 2544; x_wconf 65' lang='lat' dir='ltr'><em>sacrificio.</em></span> <span class='ocrx_word' id='word_1_191' title='bbox 330 2457 421 2523; x_wconf 89' lang='lat' dir='ltr'><em>Idem</em></span> <span class='ocrx_word' id='word_1_192' title='bbox 436 2457 535 2522; x_wconf 77' lang='lat' dir='ltr'><em>ferme</em></span> <span class='ocrx_word' id='word_1_193' title='bbox 551 2454 627 2522; x_wconf 87' lang='lat' dir='ltr'><em>dicit</em></span> <span class='ocrx_word' id='word_1_194' title='bbox 645 2455 753 2521; x_wconf 85' lang='lat' dir='ltr'><em>Cicero</em></span> <span class='ocrx_word' id='word_1_195' title='bbox 767 2454 904 2522; x_wconf 84' lang='lat' dir='ltr'><em>Verrina</em></span> <span class='ocrx_word' id='word_1_196' title='bbox 919 2455 959 2521; x_wconf 94' lang='lat' dir='ltr'><em>de</em></span> <span class='ocrx_word' id='word_1_197' title='bbox 976 2456 1139 2542; x_wconf 81' lang='lat' dir='ltr'><em>suppliciis.</em></span> <span class='ocrx_word' id='word_1_198' title='bbox 1218 2464 1344 2517; x_wconf 57' lang='lat' dir='ltr'><em>&amp;ronn-</em></span> 
     </span>
     <span class='ocr_line' id='line_1_24' title="bbox 181 2553 1206 2644; baseline -0.003 -20"><span class='ocrx_word' id='word_1_199' title='bbox 181 2560 203 2624; x_wconf 89' lang='grc'><strong>3</strong></span> <span class='ocrx_word' id='word_1_200' title='bbox 237 2558 289 2622; x_wconf 90' lang='lat' dir='ltr'><em>De</em></span> <span class='ocrx_word' id='word_1_201' title='bbox 313 2555 442 2623; x_wconf 84' lang='lat' dir='ltr'><em>ducibus</em></span> <span class='ocrx_word' id='word_1_202' title='bbox 463 2553 576 2644; x_wconf 83' lang='lat' dir='ltr'><em>passim</em></span> <span class='ocrx_word' id='word_1_203' title='bbox 602 2554 745 2641; x_wconf 85' lang='lat' dir='ltr'><em>exempla</em></span> <span class='ocrx_word' id='word_1_204' title='bbox 769 2560 913 2620; x_wconf 80' lang='lat' dir='ltr'><em>exstant:</em></span> <span class='ocrx_word' id='word_1_205' title='bbox 937 2554 977 2620; x_wconf 89' lang='lat' dir='ltr'><em>de</em></span> <span class='ocrx_word' id='word_1_206' title='bbox 1001 2555 1129 2643; x_wconf 80' lang='lat' dir='ltr'><em>regibus</em></span> <span class='ocrx_word' id='word_1_207' title='bbox 1150 2555 1206 2621; x_wconf 84' lang='lat' dir='ltr'><em>ali-</em></span> 
     </span>
    </p>

    <p class='ocr_par' dir='ltr' id='par_1_10' title="bbox 106 2653 1205 2744">
     <span class='ocr_line' id='line_1_25' title="bbox 106 2653 1205 2744; baseline -0.002 -21"><span class='ocrx_word' id='word_1_208' title='bbox 106 2678 177 2744; x_wconf 86' lang='lat' dir='ltr'><em>qua,</em></span> <span class='ocrx_word' id='word_1_209' title='bbox 207 2664 245 2723; x_wconf 89' lang='lat' dir='ltr'><em>ut</em></span> <span class='ocrx_word' id='word_1_210' title='bbox 275 2656 334 2722; x_wconf 81' lang='lat' dir='ltr'><em>&#39;de</em></span> <span class='ocrx_word' id='word_1_211' title='bbox 361 2653 549 2729; x_wconf 87' lang='lat' dir='ltr'><em>Aristonico,</em></span> <span class='ocrx_word' id='word_1_212' title='bbox 583 2654 755 2742; x_wconf 74' lang='lat' dir='ltr'><em>iugurtha,</em></span> <span class='ocrx_word' id='word_1_213' title='bbox 786 2653 983 2720; x_wconf 82' lang='lat' dir='ltr'><em>Artabusdo:</em></span> <span class='ocrx_word' id='word_1_214' title='bbox 1017 2654 1073 2720; x_wconf 81' lang='lat' dir='ltr'><em>sed</em></span> <span class='ocrx_word' id='word_1_215' title='bbox 1101 2662 1205 2721; x_wconf 90' lang='lat' dir='ltr'><em>tamen</em></span> 
     </span>
    </p>

    <p class='ocr_par' dir='ltr' id='par_1_11' title="bbox 104 2748 1206 2849">
     <span class='ocr_line' id='line_1_26' title="bbox 104 2748 1206 2849; baseline 0 -28"><span class='ocrx_word' id='word_1_216' title='bbox 104 2763 223 2849; x_wconf 77' lang='lat' dir='ltr'><em>prater</em></span> <span class='ocrx_word' id='word_1_217' title='bbox 238 2756 356 2822; x_wconf 84' lang='lat' dir='ltr'><em>Persea</em></span> <span class='ocrx_word' id='word_1_218' title='bbox 370 2748 529 2844; x_wconf 64' lang='lat' dir='ltr'><em>‘Sypham</em></span> <span class='ocrx_word' id='word_1_219' title='bbox 553 2751 694 2830; x_wconf 82' lang='lat' dir='ltr'><em>Gentius,</em></span> <span class='ocrx_word' id='word_1_220' title='bbox 716 2753 738 2818; x_wconf 89' lang='lat' dir='ltr'><strong>J</strong></span> <span class='ocrx_word' id='word_1_221' title='bbox 741 2752 811 2832; x_wconf 86' lang='lat' dir='ltr'><em>uba,</em></span> <span class='ocrx_word' id='word_1_222' title='bbox 828 2760 862 2818; x_wconf 89' lang='lat' dir='ltr'><em>et</em></span> <span class='ocrx_word' id='word_1_223' title='bbox 885 2752 1041 2819; x_wconf 84' lang='lat' dir='ltr'><em>Caesarum</em></span> <span class='ocrx_word' id='word_1_224' title='bbox 1063 2759 1206 2843; x_wconf 87' lang='lat' dir='ltr'><em>tempore</em></span> 
     </span>
    </p>
   </div>
   <div class='ocr_carea' id='block_1_4' title="bbox 102 2926 1204 3742">
    <p class='ocr_par' dir='ltr' id='par_1_12' title="bbox 103 2926 1204 3218">
     <span class='ocr_line' id='line_1_27' title="bbox 103 2926 1204 2995; baseline -0.002 -15"><span class='ocrx_word' id='word_1_225' title='bbox 103 2932 265 2995; x_wconf 75' lang='lat' dir='ltr'><em>sigotthornm</em></span> <span class='ocrx_word' id='word_1_226' title='bbox 284 2929 422 2978; x_wconf 80' lang='lat' dir='ltr'><em>Athinlium</em></span> <span class='ocrx_word' id='word_1_227' title='bbox 448 2929 581 2977; x_wconf 78' lang='lat' dir='ltr'><em>suevorum</em></span> <span class='ocrx_word' id='word_1_228' title='bbox 605 2927 631 2974; x_wconf 88' lang='lat' dir='ltr'><em>in</em></span> <span class='ocrx_word' id='word_1_229' title='bbox 679 2927 877 2975; x_wconf 76' lang='lat' dir='ltr'><em>Mithridaticam</em></span> <span class='ocrx_word' id='word_1_230' title='bbox 887 2928 942 2976; x_wconf 86' lang='lat' dir='ltr'><em>fine.</em></span> <span class='ocrx_word' id='word_1_231' title='bbox 965 2926 1097 2990; x_wconf 62' lang='lat' dir='ltr'><em>[repnte.</em></span> <span class='ocrx_word' id='word_1_232' title='bbox 1112 2928 1204 2978; x_wconf 68' lang='lat' dir='ltr'><em>Bam</em></span> 
     </span>
     <span class='ocr_line' id='line_1_28' title="bbox 104 3002 1204 3068; baseline -0.004 -13"><span class='ocrx_word' id='word_1_233' title='bbox 104 3007 221 3068; x_wconf 73' lang='lat' dir='ltr'><em>Hispania</em></span> <span class='ocrx_word' id='word_1_234' title='bbox 235 3019 318 3068; x_wconf 74' lang='lat' dir='ltr'><em>regem</em></span> <span class='ocrx_word' id='word_1_235' title='bbox 335 3005 414 3065; x_wconf 84' lang='lat' dir='ltr'><em>eapite</em></span> <span class='ocrx_word' id='word_1_236' title='bbox 431 3003 524 3064; x_wconf 82' lang='lat' dir='ltr'><em>plectit,</em></span> <span class='ocrx_word' id='word_1_237' title='bbox 540 3015 631 3049; x_wconf 86' lang='lat' dir='ltr'><em>memo·</em></span> <span class='ocrx_word' id='word_1_238' title='bbox 679 3002 761 3063; x_wconf 83' lang='lat' dir='ltr'><em>Stept.</em></span> <span class='ocrx_word' id='word_1_239' title='bbox 780 3003 822 3049; x_wconf 89' lang='lat' dir='ltr'><em>nbi</em></span> <span class='ocrx_word' id='word_1_240' title='bbox 842 3003 873 3051; x_wconf 86' lang='lat' dir='ltr'><em>de</em></span> <span class='ocrx_word' id='word_1_241' title='bbox 889 3003 1031 3051; x_wconf 81' lang='lat' dir='ltr'><em>Aristobulo</em></span> <span class='ocrx_word' id='word_1_242' title='bbox 1049 3008 1076 3051; x_wconf 88' lang='lat' dir='ltr'><em>et</em></span> <span class='ocrx_word' id='word_1_243' title='bbox 1090 3004 1204 3064; x_wconf 76' lang='lat' dir='ltr'><em>nigrans,</em></span> 
     </span>
     <span class='ocr_line' id='line_1_29' title="bbox 104 3077 1204 3141; baseline -0.003 -11"><span class='ocrx_word' id='word_1_244' title='bbox 104 3087 172 3131; x_wconf 78' lang='lat' dir='ltr'><em>nuto</em></span> <span class='ocrx_word' id='word_1_245' title='bbox 181 3077 630 3137; x_wconf 68' lang='lat' dir='ltr'><em>tommdsffmormoonntcansp.</em></span> <span class='ocrx_word' id='word_1_246' title='bbox 677 3077 1033 3140; x_wconf 82' lang='lat' dir='ltr'><em>qncnPompeiustriumpbans</em></span> <span class='ocrx_word' id='word_1_247' title='bbox 1041 3079 1204 3141; x_wconf 85' lang='lat' dir='ltr'><em>capitepleeti</em></span> 
     </span>
     <span class='ocr_line' id='line_1_30' title="bbox 103 3152 766 3218; baseline -0.011 -12"><span class='ocrx_word' id='word_1_248' title='bbox 103 3158 151 3218; x_wconf 77' lang='lat' dir='ltr'><em>st.)</em></span> <span class='ocrx_word' id='word_1_249' title='bbox 180 3157 300 3204; x_wconf 80' lang='lat' dir='ltr'><em>Nimirum</em></span> <span class='ocrx_word' id='word_1_250' title='bbox 310 3155 361 3202; x_wconf 87' lang='lat' dir='ltr'><em>hseo</em></span> <span class='ocrx_word' id='word_1_251' title='bbox 371 3155 515 3200; x_wconf 88' lang='lat' dir='ltr'><em>documenta</em></span> <span class='ocrx_word' id='word_1_252' title='bbox 524 3156 581 3198; x_wconf 88' lang='lat' dir='ltr'><em>sunt</em></span> <span class='ocrx_word' id='word_1_253' title='bbox 590 3165 629 3198; x_wconf 90' lang='lat' dir='ltr'><em>re-</em></span> <span class='ocrx_word' id='word_1_254' title='bbox 672 3152 766 3213; x_wconf 79' lang='lat' dir='ltr'><em>jussit]</em></span> 
     </span>
    </p>

    <p class='ocr_par' dir='ltr' id='par_1_13' title="bbox 102 3226 1203 3668">
     <span class='ocr_line' id='line_1_31' title="bbox 103 3226 1202 3295; baseline -0.004 -14"><span class='ocrx_word' id='word_1_255' title='bbox 103 3235 174 3295; x_wconf 69' lang='lat' dir='ltr'><em>gibus</em></span> <span class='ocrx_word' id='word_1_256' title='bbox 183 3232 215 3279; x_wconf 84' lang='lat' dir='ltr'><em>nd</em></span> <span class='ocrx_word' id='word_1_257' title='bbox 227 3230 377 3286; x_wconf 86' lang='lat' dir='ltr'><em>modestiam,</em></span> <span class='ocrx_word' id='word_1_258' title='bbox 392 3233 417 3275; x_wconf 88' lang='lat' dir='ltr'><em>et</em></span> <span class='ocrx_word' id='word_1_259' title='bbox 430 3232 458 3274; x_wconf 90' lang='lat' dir='ltr'><em>ut</em></span> <span class='ocrx_word' id='word_1_260' title='bbox 473 3226 589 3287; x_wconf 78' lang='lat' dir='ltr'><em>cogitent,</em></span> <span class='ocrx_word' id='word_1_261' title='bbox 603 3239 629 3273; x_wconf 85' lang='lat' dir='ltr'><em>se</em></span> <span class='ocrx_word' id='word_1_262' title='bbox 721 3230 729 3261; x_wconf 68' lang='grc' dir='ltr'><strong>ῑ</strong></span> <span class='ocrx_word' id='word_1_263' title='bbox 744 3226 856 3289; x_wconf 78' lang='lat' dir='ltr'><em>Sypbar]</em></span> <span class='ocrx_word' id='word_1_264' title='bbox 874 3228 976 3276; x_wconf 78' lang='lat' dir='ltr'><em>variant</em></span> <span class='ocrx_word' id='word_1_265' title='bbox 990 3229 1020 3275; x_wconf 86' lang='lat' dir='ltr'><em>de</em></span> <span class='ocrx_word' id='word_1_266' title='bbox 1035 3243 1065 3275; x_wconf 91' lang='lat' dir='ltr'><em>ec</em></span> <span class='ocrx_word' id='word_1_267' title='bbox 1079 3229 1202 3277; x_wconf 81' lang='lat' dir='ltr'><em>historici:</em></span> 
     </span>
     <span class='ocr_line' id='line_1_32' title="bbox 103 3301 1203 3369; baseline -0.005 -14"><span class='ocrx_word' id='word_1_268' title='bbox 103 3321 200 3369; x_wconf 85' lang='lat' dir='ltr'><em>quoqne</em></span> <span class='ocrx_word' id='word_1_269' title='bbox 209 3306 338 3365; x_wconf 84' lang='lat' dir='ltr'><em>subjectos,</em></span> <span class='ocrx_word' id='word_1_270' title='bbox 349 3305 370 3350; x_wconf 88' lang='lat' dir='ltr'><em>si</em></span> <span class='ocrx_word' id='word_1_271' title='bbox 380 3302 435 3350; x_wconf 90' lang='lat' dir='ltr'><em>Deo</em></span> <span class='ocrx_word' id='word_1_272' title='bbox 445 3302 480 3348; x_wconf 80' lang='lat' dir='ltr'><em>im</em></span> <span class='ocrx_word' id='word_1_273' title='bbox 489 3302 574 3356; x_wconf 80' lang='lat' dir='ltr'><em>risum,</em></span> <span class='ocrx_word' id='word_1_274' title='bbox 583 3301 628 3346; x_wconf 89' lang='lat' dir='ltr'><em>hu·</em></span> <span class='ocrx_word' id='word_1_275' title='bbox 676 3302 747 3348; x_wconf 89' lang='lat' dir='ltr'><em>multi</em></span> <span class='ocrx_word' id='word_1_276' title='bbox 761 3304 861 3350; x_wconf 82' lang='lat' dir='ltr'><em>tradunt</em></span> <span class='ocrx_word' id='word_1_277' title='bbox 872 3317 927 3349; x_wconf 91' lang='lat' dir='ltr'><em>enm</em></span> <span class='ocrx_word' id='word_1_278' title='bbox 941 3317 1017 3362; x_wconf 90' lang='lat' dir='ltr'><em>prope</em></span> <span class='ocrx_word' id='word_1_279' title='bbox 1030 3305 1132 3350; x_wconf 83' lang='lat' dir='ltr'><em>Romam</em></span> <span class='ocrx_word' id='word_1_280' title='bbox 1146 3309 1203 3351; x_wconf 87' lang='lat' dir='ltr'><em>ante</em></span> 
     </span>
     <span class='ocr_line' id='line_1_33' title="bbox 103 3375 1202 3439; baseline -0.006 -9"><span class='ocrx_word' id='word_1_281' title='bbox 103 3383 180 3430; x_wconf 77' lang='lat' dir='ltr'><em>manis</em></span> <span class='ocrx_word' id='word_1_282' title='bbox 189 3381 288 3437; x_wconf 75' lang='lat' dir='ltr'><em>vicibus,</em></span> <span class='ocrx_word' id='word_1_283' title='bbox 296 3384 329 3438; x_wconf 86' lang='lat' dir='ltr'><em>et,</em></span> <span class='ocrx_word' id='word_1_284' title='bbox 337 3377 402 3439; x_wconf 84' lang='lat' dir='ltr'><em>quod</em></span> <span class='ocrx_word' id='word_1_285' title='bbox 410 3376 514 3423; x_wconf 88' lang='lat' dir='ltr'><em>insimili</em></span> <span class='ocrx_word' id='word_1_286' title='bbox 522 3375 629 3436; x_wconf 87' lang='lat' dir='ltr'><em>periculo</em></span> <span class='ocrx_word' id='word_1_287' title='bbox 677 3377 824 3437; x_wconf 67' lang='lat' dir='ltr'><em>triumphum</em></span> <span class='ocrx_word' id='word_1_288' title='bbox 835 3378 977 3425; x_wconf 86' lang='lat' dir='ltr'><em>decessisse:</em></span> <span class='ocrx_word' id='word_1_289' title='bbox 995 3377 1108 3437; x_wconf 74' lang='lat' dir='ltr'><em>Polybius</em></span> <span class='ocrx_word' id='word_1_290' title='bbox 1122 3378 1147 3422; x_wconf 87' lang='lat' dir='ltr'><em>in</em></span> <span class='ocrx_word' id='word_1_291' title='bbox 1157 3378 1202 3423; x_wconf 87' lang='lat' dir='ltr'><em>tri-</em></span> 
     </span>
     <span class='ocr_line' id='line_1_34' title="bbox 104 3450 1201 3514; baseline -0.005 -10"><span class='ocrx_word' id='word_1_292' title='bbox 104 3455 314 3504; x_wconf 78' lang='lat' dir='ltr'><em>aSclonedictum</em></span> <span class='ocrx_word' id='word_1_293' title='bbox 326 3451 467 3499; x_wconf 81' lang='lat' dir='ltr'><em>meminerat</em></span> <span class='ocrx_word' id='word_1_294' title='bbox 478 3450 583 3506; x_wconf 84' lang='lat' dir='ltr'><em>Croecus,</em></span> <span class='ocrx_word' id='word_1_295' title='bbox 598 3450 629 3497; x_wconf 87' lang='lat' dir='ltr'><em>de</em></span> <span class='ocrx_word' id='word_1_296' title='bbox 676 3452 766 3514; x_wconf 86' lang='lat' dir='ltr'><em>umpha</em></span> <span class='ocrx_word' id='word_1_297' title='bbox 786 3453 900 3500; x_wconf 84' lang='lat' dir='ltr'><em>ductum:</em></span> <span class='ocrx_word' id='word_1_298' title='bbox 926 3453 992 3513; x_wconf 87' lang='lat' dir='ltr'><em>(Lib.</em></span> <span class='ocrx_word' id='word_1_299' title='bbox 1006 3465 1062 3499; x_wconf 80' lang='lat' dir='ltr'><em>xvi.</em></span> <span class='ocrx_word' id='word_1_300' title='bbox 1082 3467 1136 3513; x_wconf 86' lang='lat' dir='ltr'><em>cap.</em></span> <span class='ocrx_word' id='word_1_301' title='bbox 1150 3452 1201 3513; x_wconf 79' lang='lat'>12.)</span> 
     </span>
     <span class='ocr_line' id='line_1_35' title="bbox 102 3525 1201 3587; baseline -0.008 -5"><span class='ocrx_word' id='word_1_302' title='bbox 102 3532 218 3582; x_wconf 64' lang='lat' dir='ltr'><em>lelium</em></span> <span class='ocrx_word' id='word_1_303' title='bbox 226 3529 329 3578; x_wconf 86' lang='lat' dir='ltr'><em>hominis</em></span> <span class='ocrx_word' id='word_1_304' title='bbox 342 3532 399 3576; x_wconf 80' lang='lat' dir='ltr'><em>ante</em></span> <span class='ocrx_word' id='word_1_305' title='bbox 409 3530 511 3574; x_wconf 84' lang='lat' dir='ltr'><em>mortem</em></span> <span class='ocrx_word' id='word_1_306' title='bbox 525 3539 574 3572; x_wconf 93' lang='lat' dir='ltr'><em>non</em></span> <span class='ocrx_word' id='word_1_307' title='bbox 586 3525 628 3586; x_wconf 86' lang='lat' dir='ltr'><em>ju·</em></span> <span class='ocrx_word' id='word_1_308' title='bbox 676 3526 811 3587; x_wconf 77' lang='lat' dir='ltr'><em>Appianas,</em></span> <span class='ocrx_word' id='word_1_309' title='bbox 824 3527 880 3573; x_wconf 90' lang='lat' dir='ltr'><em>dum</em></span> <span class='ocrx_word' id='word_1_310' title='bbox 892 3527 922 3573; x_wconf 86' lang='lat' dir='ltr'><em>de</em></span> <span class='ocrx_word' id='word_1_311' title='bbox 932 3540 961 3574; x_wconf 86' lang='lat' dir='ltr'><em>eo</em></span> <span class='ocrx_word' id='word_1_312' title='bbox 971 3527 1123 3585; x_wconf 85' lang='lat' dir='ltr'><em>deliberetur,</em></span> <span class='ocrx_word' id='word_1_313' title='bbox 1136 3541 1201 3573; x_wconf 91' lang='lat' dir='ltr'><em>mor-</em></span> 
     </span>
     <span class='ocr_line' id='line_1_36' title="bbox 102 3601 1180 3668; baseline -0.006 -12"><span class='ocrx_word' id='word_1_314' title='bbox 102 3609 238 3656; x_wconf 79' lang='lat' dir='ltr'><em>dicandnm.</em></span> <span class='ocrx_word' id='word_1_315' title='bbox 675 3603 810 3650; x_wconf 89' lang='lat' dir='ltr'><em>boobiisse.</em></span> <span class='ocrx_word' id='word_1_316' title='bbox 841 3601 915 3662; x_wconf 73' lang='lat' dir='ltr'><em>(Peg.</em></span> <span class='ocrx_word' id='word_1_317' title='bbox 926 3603 965 3652; x_wconf 82' lang='lat'><em>15.</em></span> <span class='ocrx_word' id='word_1_318' title='bbox 978 3601 1180 3668; x_wconf 57' lang='lat' dir='ltr'><em>Bonnam.)</em></span> 
     </span>
    </p>

    <p class='ocr_par' dir='ltr' id='par_1_14' title="bbox 144 3676 627 3742">
     <span class='ocr_line' id='line_1_37' title="bbox 144 3676 627 3742; baseline -0.017 -10"><span class='ocrx_word' id='word_1_319' title='bbox 144 3685 209 3732; x_wconf 84' lang='lat' dir='ltr'><em>⁸De</em></span> <span class='ocrx_word' id='word_1_320' title='bbox 225 3678 378 3742; x_wconf 75' lang='lat' dir='ltr'><em>Aristonico]</em></span> <span class='ocrx_word' id='word_1_321' title='bbox 402 3678 465 3726; x_wconf 86' lang='lat' dir='ltr'><em>Vide</em></span> <span class='ocrx_word' id='word_1_322' title='bbox 485 3676 627 3738; x_wconf 82' lang='lat' dir='ltr'><em>Appianum</em></span> 
     </span>
    </p>
   </div>
   <div class='ocr_carea' id='block_1_5' title="bbox 99 3925 1201 4346">
    <p class='ocr_par' dir='ltr' id='par_1_15' title="bbox 99 3925 1201 4258">
     <span class='ocr_line' id='line_1_38' title="bbox 100 3925 1201 4003; baseline -0.002 -14"><span class='ocrx_word' id='word_1_323' title='bbox 100 3932 232 3989; x_wconf 75' lang='lat' dir='ltr'><em>stantiae.</em></span> <span class='ocrx_word' id='word_1_324' title='bbox 268 3929 398 3987; x_wconf 89' lang='lat' dir='ltr'><em>Butthis</em></span> <span class='ocrx_word' id='word_1_325' title='bbox 412 3928 532 4000; x_wconf 78' lang='lat' dir='ltr'><em>agninis</em></span> <span class='ocrx_word' id='word_1_326' title='bbox 548 3933 597 3983; x_wconf 88' lang='lat' dir='ltr'><em>too</em></span> <span class='ocrx_word' id='word_1_327' title='bbox 616 3926 671 3982; x_wconf 76' lang='lat' dir='ltr'><em>lar.</em></span> <span class='ocrx_word' id='word_1_328' title='bbox 708 3925 849 3996; x_wconf 84' lang='lat' dir='ltr'><em>losephue</em></span> <span class='ocrx_word' id='word_1_329' title='bbox 862 3925 940 3997; x_wconf 81' lang='lat' dir='ltr'><em>gives</em></span> <span class='ocrx_word' id='word_1_330' title='bbox 957 3942 975 3981; x_wconf 88' lang='lat' dir='ltr'><em>a</em></span> <span class='ocrx_word' id='word_1_331' title='bbox 994 3925 1052 3983; x_wconf 90' lang='lat' dir='ltr'><em>like</em></span> <span class='ocrx_word' id='word_1_332' title='bbox 1072 3931 1201 4003; x_wconf 81' lang='lat' dir='ltr'><em>example</em></span> 
     </span>
     <span class='ocr_line' id='line_1_39' title="bbox 100 4012 1198 4087; baseline -0.001 -13"><span class='ocrx_word' id='word_1_333' title='bbox 100 4018 135 4074; x_wconf 83' lang='lat' dir='ltr'><em>ei</em></span> <span class='ocrx_word' id='word_1_334' title='bbox 142 4019 193 4075; x_wconf 87' lang='lat' dir='ltr'><em>the</em></span> <span class='ocrx_word' id='word_1_335' title='bbox 206 4018 320 4073; x_wconf 81' lang='lat' dir='ltr'><em>Romen</em></span> <span class='ocrx_word' id='word_1_336' title='bbox 333 4016 462 4087; x_wconf 81' lang='lat' dir='ltr'><em>severity,</em></span> <span class='ocrx_word' id='word_1_337' title='bbox 473 4014 608 4086; x_wconf 81' lang='lat' dir='ltr'><em>speaking</em></span> <span class='ocrx_word' id='word_1_338' title='bbox 620 4012 653 4068; x_wconf 81' lang='lat' dir='ltr'><em>of</em></span> <span class='ocrx_word' id='word_1_339' title='bbox 664 4013 777 4084; x_wconf 83' lang='lat' dir='ltr'><em>putting</em></span> <span class='ocrx_word' id='word_1_340' title='bbox 791 4019 821 4068; x_wconf 87' lang='lat' dir='ltr'><em>to</em></span> <span class='ocrx_word' id='word_1_341' title='bbox 840 4012 926 4069; x_wconf 82' lang='lat' dir='ltr'><em>doeth</em></span> <span class='ocrx_word' id='word_1_342' title='bbox 943 4013 1041 4070; x_wconf 77' lang='lat' dir='ltr'><em>SImon</em></span> <span class='ocrx_word' id='word_1_343' title='bbox 1052 4015 1198 4086; x_wconf 84' lang='lat' dir='ltr'><em>Bnrjorns:</em></span> 
     </span>
     <span class='ocr_line' id='line_1_40' title="bbox 99 4098 1197 4176; baseline -0.002 -15"><span class='ocrx_word' id='word_1_344' title='bbox 99 4105 154 4161; x_wconf 90' lang='lat' dir='ltr'><em>but</em></span> <span class='ocrx_word' id='word_1_345' title='bbox 174 4104 212 4160; x_wconf 90' lang='lat' dir='ltr'><em>he</em></span> <span class='ocrx_word' id='word_1_346' title='bbox 234 4102 335 4175; x_wconf 79' lang='lat' dir='ltr'><em>speaks</em></span> <span class='ocrx_word' id='word_1_347' title='bbox 359 4101 394 4157; x_wconf 88' lang='lat' dir='ltr'><em>of</em></span> <span class='ocrx_word' id='word_1_348' title='bbox 410 4101 520 4156; x_wconf 78' lang='lat' dir='ltr'><em>leaders</em></span> <span class='ocrx_word' id='word_1_349' title='bbox 540 4100 598 4154; x_wconf 88' lang='lat' dir='ltr'><em>like</em></span> <span class='ocrx_word' id='word_1_350' title='bbox 621 4099 740 4155; x_wconf 90' lang='lat' dir='ltr'><em>Pontius</em></span> <span class='ocrx_word' id='word_1_351' title='bbox 760 4098 810 4154; x_wconf 90' lang='lat' dir='ltr'><em>the</em></span> <span class='ocrx_word' id='word_1_352' title='bbox 830 4099 965 4166; x_wconf 79' lang='lat' dir='ltr'><em>Samnite,</em></span> <span class='ocrx_word' id='word_1_353' title='bbox 984 4106 1035 4157; x_wconf 88' lang='lat' dir='ltr'><em>not</em></span> <span class='ocrx_word' id='word_1_354' title='bbox 1054 4101 1088 4157; x_wconf 82' lang='lat' dir='ltr'><em>of</em></span> <span class='ocrx_word' id='word_1_355' title='bbox 1107 4103 1197 4176; x_wconf 80' lang='lat' dir='ltr'><em>kings.</em></span> 
     </span>
     <span class='ocr_line' id='line_1_41' title="bbox 100 4183 808 4258; baseline -0.013 -10"><span class='ocrx_word' id='word_1_356' title='bbox 100 4191 208 4256; x_wconf 78' lang='lat' dir='ltr'><em>Cicero,</em></span> <span class='ocrx_word' id='word_1_357' title='bbox 221 4190 252 4244; x_wconf 90' lang='lat' dir='ltr'><em>in</em></span> <span class='ocrx_word' id='word_1_358' title='bbox 262 4188 307 4244; x_wconf 88' lang='lat' dir='ltr'><em>his</em></span> <span class='ocrx_word' id='word_1_359' title='bbox 318 4188 438 4243; x_wconf 88' lang='lat' dir='ltr'><em>Verrine</em></span> <span class='ocrx_word' id='word_1_360' title='bbox 450 4186 578 4251; x_wconf 77' lang='lat' dir='ltr'><em>Orestion,</em></span> <span class='ocrx_word' id='word_1_361' title='bbox 588 4202 651 4258; x_wconf 81' lang='lat' dir='ltr'><em>says</em></span> <span class='ocrx_word' id='word_1_362' title='bbox 662 4183 711 4241; x_wconf 85' lang='lat' dir='ltr'><em>the</em></span> <span class='ocrx_word' id='word_1_363' title='bbox 723 4202 808 4241; x_wconf 82' lang='lat' dir='ltr'><em>same.</em></span> 
     </span>
    </p>

    <p class='ocr_par' dir='ltr' id='par_1_16' title="bbox 151 4271 1199 4346">
     <span class='ocr_line' id='line_1_42' title="bbox 151 4271 1199 4346; baseline -0.005 -12"><span class='ocrx_word' id='word_1_364' title='bbox 151 4283 169 4334; x_wconf 80' lang='grc'>3</span> <span class='ocrx_word' id='word_1_365' title='bbox 189 4275 270 4332; x_wconf 86' lang='lat' dir='ltr'><em>With</em></span> <span class='ocrx_word' id='word_1_366' title='bbox 287 4273 389 4346; x_wconf 75' lang='lat' dir='ltr'><em>rogarii</em></span> <span class='ocrx_word' id='word_1_367' title='bbox 403 4281 434 4330; x_wconf 89' lang='lat' dir='ltr'><em>to</em></span> <span class='ocrx_word' id='word_1_368' title='bbox 454 4271 511 4329; x_wconf 90' lang='lat' dir='ltr'><em>this</em></span> <span class='ocrx_word' id='word_1_369' title='bbox 526 4273 640 4345; x_wconf 79' lang='lat' dir='ltr'><em>putting</em></span> <span class='ocrx_word' id='word_1_370' title='bbox 658 4274 689 4327; x_wconf 85' lang='lat' dir='ltr'><em>tb</em></span> <span class='ocrx_word' id='word_1_371' title='bbox 707 4272 793 4328; x_wconf 82' lang='lat' dir='ltr'><em>death</em></span> <span class='ocrx_word' id='word_1_372' title='bbox 812 4271 930 4337; x_wconf 80' lang='lat' dir='ltr'><em>leodem,</em></span> <span class='ocrx_word' id='word_1_373' title='bbox 943 4271 1026 4328; x_wconf 88' lang='lat' dir='ltr'><em>there</em></span> <span class='ocrx_word' id='word_1_374' title='bbox 1038 4288 1087 4329; x_wconf 87' lang='lat' dir='ltr'><em>are</em></span> <span class='ocrx_word' id='word_1_375' title='bbox 1102 4289 1199 4346; x_wconf 80' lang='lat' dir='ltr'><em>every-</em></span> 
     </span>
    </p>
   </div>
   <div class='ocr_carea' id='block_1_6' title="bbox 96 4356 1198 4531">
    <p class='ocr_par' dir='ltr' id='par_1_17' title="bbox 96 4356 1198 4531">
     <span class='ocr_line' id='line_1_43' title="bbox 96 4356 1198 4435; baseline -0.003 -17"><span class='ocrx_word' id='word_1_376' title='bbox 96 4361 191 4420; x_wconf 70' lang='lat' dir='ltr'><em>where</em></span> <span class='ocrx_word' id='word_1_377' title='bbox 202 4361 355 4435; x_wconf 81' lang='lat' dir='ltr'><em>exemplos.</em></span> <span class='ocrx_word' id='word_1_378' title='bbox 383 4360 477 4423; x_wconf 58' lang='lat' dir='ltr'><em>,Some</em></span> <span class='ocrx_word' id='word_1_379' title='bbox 494 4358 575 4416; x_wconf 89' lang='lat' dir='ltr'><em>there</em></span> <span class='ocrx_word' id='word_1_380' title='bbox 589 4375 638 4415; x_wconf 86' lang='lat' dir='ltr'><em>are</em></span> <span class='ocrx_word' id='word_1_381' title='bbox 655 4356 689 4414; x_wconf 85' lang='lat' dir='ltr'><em>of</em></span> <span class='ocrx_word' id='word_1_382' title='bbox 699 4358 790 4432; x_wconf 83' lang='lat' dir='ltr'><em>kings,</em></span> <span class='ocrx_word' id='word_1_383' title='bbox 805 4375 836 4415; x_wconf 82' lang='lat' dir='ltr'><em>os</em></span> <span class='ocrx_word' id='word_1_384' title='bbox 853 4358 1035 4425; x_wconf 81' lang='lat' dir='ltr'><em>Aristonicus,</em></span> <span class='ocrx_word' id='word_1_385' title='bbox 1048 4360 1198 4432; x_wconf 78' lang='lat' dir='ltr'><em>iugurtha,</em></span> 
     </span>
     <span class='ocr_line' id='line_1_44' title="bbox 983 4465 1097 4531; baseline 0 -1"><span class='ocrx_word' id='word_1_386' title='bbox 983 4465 1097 4531; x_wconf 80' lang='lat' dir='ltr'><em>14-e</em></span> 
     </span>
    </p>
   </div>
   <div class='ocr_carea' id='block_1_7' title="bbox 0 0 1462 4906">
    <p class='ocr_par' dir='ltr' id='par_1_18' title="bbox 0 0 1462 4906">
     <span class='ocr_line' id='line_1_45' title="bbox 0 0 1462 4906; baseline 0 4"><span class='ocrx_word' id='word_1_387' title='bbox 0 0 1462 4906; x_wconf 95' lang='lat' dir='ltr'><em> </em></span> 
     </span>
    </p>
   </div>
  </div>
 </body>
</html>
