2916 4906
246 237 285 300 62
394 248 446 303 DE
468 247 593 302 BELLO
615 246 735 302 dUSTO
760 247 846 301 SIVE
870 246 1039 302 SOLENNI
1060 247 1160 303 JURE
1202 248 1276 318 [Lm.
1289 247 1344 303 111.

243 413 443 502 pugnandam
466 413 554 499 prius
577 411 618 478 ad
642 432 748 497 pacem
767 410 954 478 invitarent:
979 411 1063 499 quod
1083 432 1152 477 cum
1169 411 1347 499 specialiter

243 513 288 578 illi
306 513 420 600 populo
437 512 544 578 datum
569 512 618 589 sit,
637 511 717 576 male
734 532 754 575 a
770 510 924 576 nonnullis
941 532 1011 575 cum
1028 509 1101 596 jure
1118 511 1257 600 gentium
1275 533 1347 576 con·

243 612 392 678 funditur.
444 613 556 696 Neque
579 610 660 677 enim
684 618 754 675 erat
777 609 831 675 illa
854 609 1085 696 qualiscumque
1110 632 1182 697 pax,
1209 611 1265 676 sed
1288 612 1346 677 sub

243 711 314 799 lege
334 710 529 797 subjectionis
555 718 588 775 et
610 707 727 774 tributi.
777 710 881 797 Cyrus
903 731 973 774 cum
998 710 1031 773 in
1049 710 1209 798 regionem
1234 710 1346 776 Arme-

243 810 365 876 niorum
382 808 584 897 pervenisset,
601 818 768 893 antequam
786 816 912 874 noceret
926 808 1068 895 cuipiam,
1082 809 1165 875 misit
1179 809 1221 874 ad
1235 830 1345 897 regem

243 908 297 995 qui
314 909 453 974 debitum
477 931 517 974 ex
539 908 648 974 sedere
668 906 821 974 tributum
845 916 878 973 et
898 907 1026 973 militem
1049 906 1232 996 exigerent:
1258 909 1346 985 voni·

244 1004 309 1101 ζων
331 1003 551 1101 φιλικώτερον
584 1010 663 1076 εἶναι
699 1003 813 1084 οὕτως,
840 1000 859 1088 ἢ
884 1004 927 1088 μή
954 1003 1159 1100 προειπόντα
1187 1003 1345 1100 cooperire-

243 1111 309 1184 θαι,
334 1111 510 1174 humanius
535 1110 573 1172 td
599 1109 791 1172 aciatimoat
812 1128 912 1191 quom
934 1109 966 1171 ai
989 1108 1079 1172 ultra
1104 1109 1234 1173 duceret
1258 1108 1347 1172 altit

78 1209 433 1320 wlgmtproediceaa,
460 1205 551 1270 utin
583 1226 621 1270 ea
647 1204 777 1270 historia
804 1204 978 1291 Xenophon
1001 1204 1147 1290 loquitur.
1196 1205 1344 1271 Ceterum

238 1306 311 1392 jure
328 1305 468 1393 gentium
492 1304 533 1369 ad
556 1305 683 1370 effectus
707 1302 776 1367 illos
799 1301 970 1389 peculiares
992 1303 1132 1369 omnibus
1157 1303 1279 1369 casibus
1294 1326 1345 1371 re·

242 1404 375 1490 quiritur
392 1401 593 1480 denuntiatio,
610 1425 672 1467 non
688 1400 844 1487 utrinque,
862 1403 917 1468 sed
934 1402 974 1467 ab
991 1401 1091 1468 altera
1108 1402 1244 1488 partium
1250 1405 1272 1468 ⁶.

318 1504 392 1572 Vll.
436 1504 455 1567 1
491 1502 555 1568 Sed
579 1501 646 1566 haec
669 1499 862 1566 denuntiatio
886 1509 942 1566 aut
965 1501 1176 1569 conditionata
1197 1510 1254 1580 est,
1286 1511 1342 1570 aut

241 1624 330 1689 pura.
374 1600 601 1678 conditionata,
619 1600 672 1665 ubi
698 1621 767 1665 cum
792 1621 899 1665 rerum
924 1600 1110 1687 repetitione
1134 1600 1342 1690 conjungitur.

241 1704 378 1766 ⁰Rerum
394 1709 498 1767 autem
514 1700 718 1786 repetitarum
736 1698 859 1764 nomine
871 1699 925 1784 jus
941 1699 1048 1765 feciale
1061 1700 1343 1788 comprehendebat

240 1823 303 1866 non
320 1808 442 1867 tantum
464 1798 701 1865 vindicationem
724 1820 763 1863 ex
779 1798 852 1884 jure
873 1797 1010 1875 dominii,
1034 1799 1089 1865 sed
1108 1807 1140 1864 et
1155 1800 1344 1886 persecutio-

240 1922 311 1965 nem
328 1901 403 1985 ejus,
422 1899 506 1985 quod
530 1921 569 1964 ex
592 1919 684 1964 causa
705 1897 786 1963 civili
809 1905 865 1963 aut
883 1897 1019 1962 criminis
1041 1898 1182 1975 debetur,
1203 1906 1239 1963 ιιι
1255 1908 1343 1964 recte

240 1998 375 2084 explicat
391 1997 549 2064 ”servius
602 1998 680 2062 Inde
705 1996 782 2061 illud
807 1994 841 2060 in
866 1995 1015 2072 formulis,
1042 1999 1148 2073 reddi,
1174 2000 1340 2081 actiafieri,

240 2100 318 2163 decta·
328 2125 339 2172 ‚·
365 2096 418 2162 ubi
435 2099 521 2173 dedi,
539 2104 576 2163 ut
591 2095 664 2161 ahbi
682 2095 824 2171 diximus,
842 2094 1079 2183 intelligendum
1096 2104 1153 2173 est,
1171 2096 1205 2161 ni
1229 2096 1342 2183 punire

239 2205 360 2262 sontem
378 2195 487 2262 malint
511 2195 570 2282 ipsi
593 2194 647 2283 qui
666 2193 901 2261 conveniuntur.
953 2195 1044 2260 Hanc
1060 2217 1166 2260 rerum
1182 2195 1342 2283 repetitio-

284 2347 375 2402 lQuid
384 2347 413 2404 si,
429 2361 477 2393 non
489 2347 580 2392 indicto
590 2348 663 2404 bello,
678 2349 765 2408 aliquis
814 2347 928 2392 Parutam
941 2346 1049 2395 deBello
1062 2346 1151 2407 Cyprio
1165 2348 1218 2395 Lib.
1227 2365 1244 2396 1.
1269 2347 1342 2395 Biza-

238 2437 306 2468 uma
314 2422 390 2467 morit
398 2421 629 2479 adversusalterum,
638 2426 664 2467 et
674 2421 707 2466 sic
717 2422 764 2479 isti,
812 2433 866 2464 rum
884 2419 937 2466 Lib.
948 2433 1029 2466 xx111.
1047 2421 1076 2467 de
1092 2421 1183 2469 Turcia
1208 2423 1340 2483 Reinking‚

238 2498 280 2558 qui
291 2512 342 2544 sese
352 2497 480 2544 defendere
493 2498 595 2557 cogitur,
609 2512 656 2543 non
667 2497 765 2556 reliquit
812 2493 866 2540 Lib.
875 2506 905 2539 ιι.
917 2493 991 2540 classe
998 2494 1030 2540 iii.
1041 2509 1094 2555 cap.
1103 2497 1126 2541 ι.

237 2573 317 2620 locum
333 2588 361 2619 ac
377 2578 474 2633 tempus
495 2573 552 2619 belli
572 2573 711 2620 indicendi?
732 2587 764 2618 an
857 2567 994 2629 istratus]
1019 2569 1060 2615 Ad
1077 2582 1104 2617 x.
1120 2569 1244 2616 AEneidos.
1262 2571 1338 2631 (vers.

236 2644 286 2690 tals
296 2645 386 2690 bellum
400 2644 453 2690 ideo
466 2643 569 2689 minores
579 2644 685 2700 effectus,
701 2642 764 2690 June
812 2644 864 2702 14.)

235 2720 478 2779 gentiumhebebit?
507 2719 602 2765 Deinde
613 2720 711 2765 effectus
721 2719 763 2775 illi,
856 2717 989 2778 aPliniue]
1005 2718 1190 2766 Libroxx11.2.
1220 2720 1340 2782 Etleyati

236 2795 327 2841 scilieet
335 2796 473 2855 impunitas,
484 2798 508 2840 et
515 2795 557 2854 jus
567 2794 631 2840 bello
641 2799 712 2853 capta
719 2807 763 2853 pro
812 2807 863 2840 cum
879 2795 914 2841 ad
930 2796 1005 2841 tosta
1025 2795 1168 2856 clarigatum
1186 2796 1338 2856 mitterentur,

236 2869 286 2915 suis
295 2869 421 2923 retinendi,
434 2882 478 2913 nec
488 2882 518 2912 ex
528 2868 664 2923 indictione,
680 2880 723 2911 nec
733 2881 763 2912 ex
811 2867 887 2925 idest,
903 2883 941 2914 res
957 2875 1042 2928 raptae
1056 2870 1120 2916 clare
1134 2872 1263 2930 repetitum,
1279 2887 1339 2918 unua

237 2943 297 2988 Jure
312 2941 416 2999 quodam
433 2939 547 2984 Gentium
563 2939 698 2983 voluntario
714 2939 762 2983 ori-
811 2942 890 3000 utique
912 2942 1067 2989 Verberat-ius
1083 2944 1220 2990 vocabatur.
1252 2944 1287 2992 Ει
1308 2949 1339 2993 de

236 3018 326 3068 untur;
342 3016 370 3055 ut
379 3024 422 3054 sno
433 3009 486 3054 loco
496 3008 643 3053 ostendimus
654 3009 678 3052 in
691 3007 762 3055 Notis
811 3014 1009 3075 Verbenaagens
1023 3017 1084 3062 libro
1097 3031 1160 3063 xxv.
1174 3020 1196 3065 9.
1228 3019 1289 3067 Hoec
1304 3027 1339 3068 est

236 3086 324 3134 neruis
335 3085 440 3131 Gallicis.
470 3084 500 3130 J.
511 3084 544 3129 B.
810 3102 882 3146 quam
896 3089 1063 3148 leqntcsferre
1079 3090 1113 3134 ad
1127 3092 1203 3136 tontes
1219 3093 1338 3140 indicavi.

280 3168 292 3192 ⁰
306 3159 395 3205 Rerum
410 3158 563 3217 repetitarum
577 3153 678 3216 nominc]
700 3156 762 3203 Vide
810 3175 870 3210 mue.
895 3161 957 3210 Vide
969 3162 1075 3208 Servium
1086 3163 1117 3209 nd
1128 3176 1158 3209 rx
1168 3169 1228 3211 etx.
1237 3166 1338 3217 AEneid.

918 3292 1027 3299 ---
1036 3293 1038 3297 ,

236 3375 360 3446 strongly
374 3374 413 3447 by
426 3389 504 3429 some
518 3371 698 3427 coniounded
711 3374 777 3428 with
792 3375 841 3430 the
856 3376 921 3430 Low
937 3376 969 3431 oi
980 3377 1009 3431 N
1010 3377 1109 3431 atione.
1142 3376 1239 3448 (tyrus,
1254 3377 1335 3433 when

237 3461 273 3515 hc
285 3462 341 3514 had
356 3477 436 3515 como
458 3461 518 3513 into
538 3458 587 3513 tho
607 3466 725 3530 country
743 3460 777 3514 of
793 3461 843 3515 the
865 3463 1039 3527 Armenians,
1054 3462 1150 3516 before
1165 3463 1264 3518 hadid
1279 3481 1336 3535 any

236 3545 317 3599 harm
335 3552 365 3599 to
383 3562 439 3615 any
457 3561 518 3606 one,
539 3552 602 3599 sent
620 3561 735 3615 persons
749 3553 779 3600 ιο
800 3547 849 3603 the
860 3547 928 3618 king
944 3554 974 3602 ιο
993 3549 1044 3603 ask
1058 3548 1104 3601 for
1118 3547 1167 3602 the
1182 3550 1335 3620 appointed

217 3632 342 3721 tributo
362 3631 418 3684 and
439 3630 570 3694 soldiers3
589 3631 711 3702 thinking
732 3633 789 3686 that
808 3651 881 3687 mom
900 3635 1014 3688 tuotone
1033 3635 1099 3688 thart
1113 3643 1139 3688 to
1154 3636 1248 3689 maret
1261 3653 1336 3706 aaron

221 3684 292 3771 him
307 3717 416 3770 without
430 3716 521 3780 notice,
536 3733 566 3770 as
580 3717 740 3788 Xenophon
756 3735 819 3790 says
834 3720 863 3773 in
878 3719 927 3774 the
943 3720 1114 3792 Oyropaedio.
1160 3721 1218 3773 But
1232 3720 1270 3791 by
1285 3721 1335 3774 the

235 3803 302 3856 Law
318 3803 350 3856 of
361 3802 428 3857 Nat
408 3807 489 3866 t,10ns
504 3819 522 3855 a
536 3802 707 3857 declaration
722 3803 756 3858 of
766 3822 823 3858 war
837 3806 860 3859 is
875 3807 1008 3876 requisita
1027 3806 1057 3859 ln
1071 3805 1109 3859 all
1125 3821 1202 3859 cases
1223 3810 1253 3859 to
1272 3806 1335 3876 give

56 3945 62 3958 y
115 3901 139 3974 j
177 3904 364 4009 1poceasion
376 3887 422 3941 for
436 3886 515 3941 those
530 3889 654 3958 poculiar
666 3890 778 3953 effecte
797 3890 1080 3989 ”will-&⁵²
1094 3890 1132 3945 bu
1161 3908 1198 3945 on
1252 3907 1277 3946 e.

289 3973 416 4027 v11.1
439 3973 504 4026 But
527 3972 596 4027 such
622 3990 640 4027 a
661 3974 877 4029 declarationis
900 3977 991 4029 either
1010 3976 1182 4030 conditional
1198 3993 1231 4030 or
1245 3993 1334 4047 pure;

186 4058 415 4188 jecnditional,
429 4058 529 4111 when
521 4067 543 4110 ιι
554 4058 576 4111 is
591 4059 738 4128 conjoincd
751 4060 817 4112 with
832 4078 850 4113 a
864 4060 985 4114 demand
1000 4062 1045 4114 for
1059 4060 1108 4114 the
1122 4063 1290 4116 restoration
1304 4062 1338 4117 of

186 4096 284 4201 fehe
303 4143 430 4214 things
422 4160 451 4196 m
473 4144 610 4214 question.
647 4144 705 4197 But
730 4144 821 4197 under
844 4145 893 4199 the
919 4146 1096 4200 domandos
1115 4149 1283 4201 restoration
1303 4147 1336 4201 of

148 4192 183 4273 N
235 4231 338 4302 things,
352 4228 400 4284 the
412 4229 507 4283 Fecial
525 4229 591 4282 Law
606 4229 831 4299 comprohendcd
846 4236 897 4284 not
912 4231 978 4302 only
992 4231 1127 4285 demands
1141 4234 1179 4304 by
1194 4233 1243 4286 the
1257 4232 1333 4303 right

174 4294 269 4372 of
279 4315 444 4386 ownership,
458 4315 510 4369 but
524 4313 583 4368 also
599 4313 647 4368 tho
666 4316 826 4387 promotion
841 4316 874 4370 of
891 4316 1027 4387 anything
1042 4316 1131 4370 which
1147 4335 1202 4372 was
1217 4318 1272 4372 due
1286 4319 1333 4372 for

235 4403 299 4460 civil
313 4403 409 4460 claime
423 4418 456 4456 or
470 4401 597 4457 criminel
611 4407 686 4467 acts3
704 4417 734 4456 as
747 4401 859 4457 Servius
874 4401 978 4475 rightly
992 4402 1125 4474 explains.
1171 4404 1268 4460 Hence
1282 4402 1333 4459 the
