2916 4906
106 283 175 338 Gau.
189 279 311 349 xxm]
485 281 537 335 DE
559 279 649 334 FIDE
673 278 820 334 Tuom.
1141 268 1204 331 403

105 444 176 510 vela
192 442 325 510 candida
344 443 472 510 tacitum
494 445 613 509 habent
634 442 758 532 signum
782 439 873 528 petiti
896 437 1058 526 colloquii:
1084 440 1203 531 obliga-

104 543 184 610 bunt
199 565 275 632 ergo
291 565 353 607 non
370 543 470 609 minus
486 565 579 629 quam
596 542 622 607 si
640 563 715 608 voce
732 541 864 628 petitum
882 550 972 608 esset.

181 643 238 708 Vl.
285 641 416 728 Sponsio
432 663 453 707 a
470 641 598 707 ducibus
614 641 698 706 facta
713 649 866 726 quatenus
883 638 976 704 tacite
992 638 1168 724 approbata
1184 661 1205 705 a

105 740 219 826 populo
244 748 301 806 aut
325 762 402 829 rege
426 740 544 805 censeri
568 740 690 816 debeat,
715 747 748 804 et
771 739 830 803 hoo
847 737 915 823 jam
939 759 1035 825 supra
1059 737 1201 816 diximus,
1215 760 1328 851 apium.

105 839 250 904 nimirum
267 837 321 904 ubi
337 847 369 904 et
385 846 473 904 actus
486 838 547 903 suit
568 837 719 926 cognitus,
735 845 768 902 et
785 836 902 923 aliquid
925 836 1051 914 sactum,
1068 844 1203 902 autnon
1239 854 1290 901 4³-

105 936 233 1022 sactum,
251 936 337 1022 cujus
354 938 401 1002 rei
417 937 478 1002 alia
495 957 587 1002 causa
604 943 695 1002 extra
712 934 904 1001 voluntatem
918 934 1033 1000 federis
1048 935 1203 1023 probandi

105 1035 174 1100 dari
191 1058 252 1100 non
269 1035 374 1122 possit

180 1136 254 1201 VII.
297 1127 417 1199 ‘Poenae
434 1132 572 1200 remissio
598 1154 637 1199 ex
660 1131 726 1198 sola
748 1130 990 1198 dissimulatione
1011 1154 1074 1198 non
1098 1141 1202 1221 potest

105 1232 225 1321 colligi;
251 1234 306 1299 sed
323 1255 400 1321 opus
417 1242 465 1299 est
481 1233 608 1299 accedat
624 1241 712 1298 actus
733 1231 805 1296 talis
822 1231 876 1317 qui
891 1239 948 1296 aut
963 1230 1128 1297 amicitiam
1144 1254 1202 1318 per

104 1353 138 1395 se
161 1332 312 1409 ostendat,
338 1342 374 1397 ut
397 1332 486 1397 sedus
510 1330 654 1397 amicitiae
675 1352 777 1406 causa,
805 1337 861 1394 aut
882 1328 1055 1416 opinionem
1081 1330 1121 1396 de
1145 1331 1202 1395 tali

104 1429 221 1496 virtute
237 1431 286 1496 cui
303 1431 413 1496 merito
430 1430 587 1496 antefacta
603 1428 771 1494 condonari
788 1427 932 1504 debcant,
950 1428 1015 1493 sive
1037 1450 1076 1494 ea
1098 1428 1201 1516 opinio

102 1529 205 1595 verbis
227 1529 361 1596 indicata
378 1537 435 1606 eat,
457 1529 523 1595 sive
538 1530 633 1595 rebus
649 1548 719 1615 quae
739 1548 780 1593 ex
800 1547 886 1592 more
908 1525 1058 1593 instituta
1077 1527 1140 1594 sint
1161 1528 1203 1593 ud

102 1627 197 1691 talem
214 1628 477 1716 significationem.

102 1813 168 1860 gere,
181 1800 274 1847 Plinius
283 1801 337 1847 Lib.
347 1814 417 1848 xxm.
428 1814 448 1847 c.
459 1803 481 1847 4.
512 1800 561 1856 Qui
571 1800 628 1847 victl
676 1801 747 1846 etima
757 1801 819 1846 inter
829 1805 935 1846 ansatos
944 1801 1021 1847 tostas
1030 1802 1116 1860 quieta}
1124 1803 1156 1849 sit
1165 1803 1202 1848 iu-

101 1890 129 1921 sc
143 1876 235 1921 dedunt
249 1877 352 1926 inermes
365 1874 510 1934 supplicant,
524 1874 626 1920 nitSer-
676 1875 771 1920 dicium
800 1874 937 1933 (Cap-30.)

102 1950 155 1996 vius
163 1951 193 1995 ad
204 1963 222 1995 1.
233 1949 332 1997 AEueid.
343 1947 417 2008 (487.)
721 1948 730 1982 ¹
743 1949 824 1994 Pam
837 1946 956 2008 remissio]
973 1949 1074 1995 'l'ractat
1087 1948 1202 2009 Polybius

147 2032 159 2057 θ
172 2023 253 2070 Hodie
262 2024 315 2070 ecla
325 2023 429 2070 condida
437 2024 534 2070 tacitum
543 2013 629 2072 mest
680 2027 790 2071 senatus
799 2022 1127 2084 quscerptisLeqationuas,
1136 2038 1203 2070 num.

101 2099 193 2160 siquam
198 2101 271 2160 petiti
280 2099 403 2160 colloquii]
420 2099 488 2160 Ignis
501 2113 628 2146 succensus
677 2102 729 2158 122,
744 2115 775 2145 an
785 2100 805 2146 si
815 2101 913 2146 remissa
922 2101 954 2146 sit
964 2114 1036 2160 poene
1049 2102 1078 2147 iis
1088 2101 1130 2160 qni
1143 2101 1203 2165 faci·

102 2176 173 2234 petiti
186 2175 300 2235 colloquii
311 2175 408 2235 signnm
418 2175 483 2234 apud
498 2175 628 2234 septentri-
677 2189 722 2221 nus
732 2175 818 2231 fecere,
833 2175 904 2220 simul
914 2176 1012 2221 remissa
1021 2175 1053 2221 sit
1064 2176 1202 2221 mandator·

102 2249 274 2308 onispopnlos.
300 2249 413 2294 Meminit
422 2247 546 2294 Johannes
556 2249 629 2308 Mag·
676 2249 748 2294 ibus?
766 2261 814 2293 non
829 2253 898 2308 puto,
914 2248 1023 2307 singulos
1038 2249 1102 2294 enim
1117 2251 1202 2295 tenent

102 2336 148 2368 nus
157 2329 182 2369 ot
192 2324 240 2369 alii.
265 2323 357 2369 Plinius
366 2323 419 2369 Lib.
426 2336 469 2369 xv.
478 2325 515 2370 30.
526 2323 628 2368 deLau-
677 2337 721 2371 sna
730 2323 826 2370 delicta.

102 2412 147 2446 ru.-
171 2399 225 2458 ipssa
239 2399 363 2458 pacifera,
381 2402 408 2444 ut
423 2413 495 2458 quom
510 2397 630 2456 protenus·

101 2646 230 2717 assigned
243 2647 296 2701 hut
306 2646 356 2702 the
367 2646 424 2701 will
438 2652 468 2701 to
480 2662 603 2718 approve
617 2646 666 2701 the
681 2647 857 2702 convention.

158 2731 224 2785 VII.
262 2732 324 2786 The
337 2733 482 2787 remission
495 2732 529 2786 of
539 2749 557 2786 a
568 2732 682 2803 penalty
694 2736 797 2786 cannot
811 2732 848 2785 bo
859 2729 996 2786 collected
1010 2731 1117 2802 merely
1128 2731 1203 2787 from

102 2816 213 2870 silence.
260 2816 325 2871 Itis
343 2834 490 2889 necessary
503 2816 566 2871 that
586 2816 666 2871 there
682 2817 716 2871 be
731 2816 823 2870 added
837 2832 914 2871 some
933 2824 987 2882 act,
1002 2816 1092 2870 which
1112 2818 1204 2873 either

102 2900 136 2954 of
145 2900 225 2955 itself
233 2901 321 2956 shows
335 2901 499 2973 friendship‚
521 2919 554 2957 or
565 2919 583 2956 a
593 2902 693 2972 league
711 2918 747 2956 on
759 2901 809 2956 tho
819 2902 929 2972 ground
941 2903 975 2957 of
987 2902 1152 2974 friendship,
1170 2919 1203 2958 or

101 3002 139 3039 an
151 2986 266 3056 opinion
281 2987 314 3041 os
321 2987 371 3041 the
382 2987 522 3042 existence
537 2988 570 3042 of
581 2988 685 3042 virtues
697 2986 787 3040 which
799 3004 864 3056 may
875 2988 938 3058 give
951 2989 1007 3043 rise
1021 2993 1052 3042 to
1066 3004 1084 3042 a
1098 2988 1202 3043 condo·

101 3072 199 3124 nation
211 3071 245 3125 of
257 3073 387 3142 previous
404 3078 478 3137 aots;
497 3072 624 3128 whether
637 3072 699 3127 that
714 3073 828 3143 opInion
842 3072 879 3126 he
895 3072 1044 3143 expressed
1060 3073 1089 3126 in
1103 3074 1203 3139 words,

102 3172 135 3209 or
145 3155 184 3226 hy
195 3172 291 3212 means
304 3158 337 3212 of
352 3156 445 3228 things
460 3157 551 3214 which
565 3158 604 3230 by
615 3163 723 3213 custom
734 3174 783 3213 ure
802 3157 957 3229 appointed
967 3164 998 3213 to
1013 3174 1118 3229 convey
1133 3158 1203 3214 such

101 3257 240 3312 meaning.
