2916 4906
260 237 302 298 22
528 244 721 308 QUANTUM
742 244 786 298 IN
808 244 933 299 BELLO
955 245 1102 310 munau,
1220 244 1294 314 [Lm.
1309 249 1363 305 111.

261 408 385 475 mentiri
402 408 455 475 ubi
477 416 511 475 et
527 407 680 494 quomodo
697 415 838 495 oportett
863 430 965 495 neque
983 409 1107 475 videtur
1127 408 1290 476 dissentire
1306 409 1362 476 eli-

95 526 206 611 prcipm
262 517 338 594 quot
362 508 394 573 in
410 508 485 574 locis
509 507 703 585 Aristoteles,
728 507 814 594 cujus
829 507 905 574 illud
930 504 1000 576 καθ’
1018 504 1101 577 αὐτὰ
1122 510 1205 595 qnod
1227 509 1361 576 diximus

118 599 125 612 ’
261 607 375 693 exponi
395 615 510 695 potest,
525 606 737 684 communiter,
761 607 827 672 eive
848 629 885 672 re
905 615 1047 694 spectate
1072 607 1213 695 sepositis
1229 609 1361 674 circum-

97 720 247 806 φακῆ.
261 706 389 772 slantiis.
433 709 594 794 Interpres
610 714 714 771 autem
732 705 798 793 ejus
813 706 1007 773 Andronicus
1022 707 1164 773 Rhodius
1184 707 1224 773 de
1241 709 1360 775 medico

95 776 174 856 ma.
211 777 232 815 μ
260 807 344 893 apud
361 816 514 895 aegrotum
530 805 699 872 mentiente
713 805 756 870 sio
771 805 835 872 ait:
859 802 979 896 α’πατᾷ
995 804 1065 887 μὲν,
1085 802 1242 877 decretio
1258 800 1292 877 di
1310 805 1362 877 oei<

260 899 362 975 ioris·
389 910 511 993 decipit
532 907 669 992 quidem,
694 917 731 971 at
753 907 900 992 deceptor
918 930 982 972 raom
1003 920 1072 973 eet:
1098 907 1230 972 Causam
1251 907 1360 974 addim

262 1002 299 1073 ori
317 1002 390 1100 ’γὰρ
413 1003 512 1078 τέλος
538 998 610 1098 ἔχει
637 1000 699 1084 τήν
721 999 855 1086 ducisne
881 1009 942 1074 τοῦ
969 1010 1151 1083 νοσοῦντος,
1177 1001 1269 1075 itii
1294 1002 1361 1089 ‘reio

262 1108 437 1198 σωτηρίαν·
463 1128 527 1170 mon
560 1105 643 1170 enim
664 1107 870 1190 propositum
902 1106 968 1171 sibi
998 1107 1093 1170 habet
1119 1108 1274 1191 decipere,
1304 1108 1362 1173 sed

260 1228 390 1272 screare
406 1216 568 1290 eprotum.

332 1306 354 1367 4
390 1302 607 1381 Quintilianus,
625 1323 717 1389 quem
734 1301 810 1378 dixi,
826 1302 906 1368 hanc
925 1301 1023 1389 ipsam
1041 1311 1163 1389 partem
1180 1300 1361 1380 defendens,

155 1390 162 1403 ⁶
261 1402 410 1491 pleraque
436 1424 503 1469 esse
519 1401 564 1467 ait
585 1424 656 1487 quae
672 1424 734 1466 non
751 1410 816 1467 tam
832 1400 932 1480 iactis,
955 1423 1049 1489 quam
1066 1401 1166 1467 causis
1186 1423 1293 1467 eorum
1310 1404 1362 1469 vel

262 1504 393 1569 honesta
409 1503 496 1578 fiant,
514 1500 566 1567 uel
581 1500 695 1587 turpia.
736 1499 891 1587 Diphilus,

479 1620 561 1686 Quod
575 1638 627 1693 pro
642 1620 732 1676 salute
747 1621 850 1676 dicitur
864 1618 1041 1675 mendacium

478 1709 526 1762 Me
537 1707 632 1778 judice
645 1706 751 1762 habere
765 1706 805 1760 nil
819 1712 913 1778 potest
926 1707 1106 1763 incommodi.

265 1806 425 1886 Quaerenti
441 1807 526 1894 apud
544 1805 726 1893 Sophoclem
745 1804 949 1893 Neoptolemo
965 1808 1147 1890 (Plciloctct.
1162 1806 1346 1893 vers.107):

476 1926 544 1981 Non
560 1925 613 1981 tibi
630 1924 742 1981 ridetur
758 1931 842 1999 turpe
859 1926 1086 1998 falsiloquentia?

263 2024 445 2112 Respondet
462 2025 603 2113 Ulysses,

476 2147 552 2211 Non,
566 2146 589 2201 si
604 2145 679 2200 salus
693 2149 824 2199 nascatur
838 2160 872 2199 ex
886 2144 1042 2201 mendacio.

263 2244 321 2311 Cui
348 2244 459 2310 similia
483 2266 524 2309 ex
551 2242 704 2309 Pisandro
731 2252 764 2309 et
788 2241 939 2328 Euripide
964 2242 1157 2309 adferuntur.
1209 2246 1253 2310 Et
1276 2243 1362 2330 apud

264 2343 487 2422 Quintilianum
504 2342 595 2431 lego:
614 2364 692 2407 eam
709 2351 742 2407 ct
758 2344 963 2407 mendacium
981 2345 1087 2409 dicere
1104 2344 1204 2410 etiam
1219 2346 1363 2431 sepienti

262 2445 444 2531 aliquando
469 2464 648 2510 concessum
674 2453 731 2507 eet.
778 2439 962 2506 Eustathius
980 2442 1183 2527 Metropolita
1199 2442 1363 2509 Thessalo·

262 2542 392 2609 nicensis
418 2543 459 2608 ad
486 2541 654 2607 seeundum
681 2538 851 2629 Odysseae:
881 2534 1049 2628 ψεύσεται
1077 2537 1185 2608 ”aare
1210 2537 1361 2635 καιρὸνὸ

304 2719 316 2746 =
332 2708 409 2756 Korn*
418 2706 516 2770 καιρὸν]
531 2708 560 2753 ln
571 2710 688 2767 tempore,
697 2709 725 2752 ut
736 2704 787 2752 Do·
880 2703 1037 2763 *eumenus
1056 2709 1079 2751 ct
1097 2704 1241 2765 imprudenti
1259 2706 1362 2769 accidit]

262 2788 334 2830 natus
342 2784 452 2843 loquitur
461 2783 492 2829 sd
503 2782 623 2841 Adelphos
635 2794 671 2827 ιν.
681 2783 704 2827 3.
716 2779 786 2839 (vere
837 2777 913 2824 ham
928 2779 1033 2839 linquam
1047 2780 1164 2839 masuris
1175 2781 1223 2827 uisi
1235 2795 1279 2828 rsa
1293 2796 1364 2830 mens.

263 2860 309 2915 13.)
339 2859 561 2918 Estmmffium
574 2858 599 2901 tn
612 2862 720 2915 tempore,
734 2857 788 2915 qui.
839 2854 884 2899 Et:
900 2852 976 2898 Nemo
992 2855 1258 2913 mentiensjadicaadus
1272 2858 1364 2918 estqui

262 2935 318 2978 dom
327 2933 356 2979 ds
365 2933 451 2994 officiis
461 2932 585 2976 scribentes
595 2936 682 2976 rectum
693 2935 787 2988 putant.
837 2928 896 2973 dicit
908 2929 1003 2986 salsum
1022 2931 1086 2989 quod
1100 2937 1173 2990 putat
1191 2947 1277 2988 uerum,
1297 2936 1364 2992 quta,

263 3007 348 3053 Cicero
362 3019 406 3065 pro
421 3006 452 3059 Q.
464 3004 568 3063 Ligurio,
583 3003 683 3061 aliquod
693 3003 788 3048 menda.
838 3006 949 3059 quoatum
960 3004 1047 3060 inipso
1056 3009 1097 3059 est,
1111 3020 1156 3049 non
1164 3007 1238 3064 fallit
1250 3009 1307 3067 ipse,
1321 3009 1365 3055 sed

262 3084 324 3129 cium
354 3083 471 3126 donatum
501 3085 523 3125 et
551 3078 686 3124 misericors
711 3082 787 3124 vocat.
831 3076 941 3133 fiiliilur.
973 3076 1035 3121 Sunt
1049 3078 1100 3122 haec
1109 3080 1248 3139 Augustini,
1263 3081 1292 3127 de
1307 3082 1363 3129 l'er.

263 3156 382 3217 (capp.)
839 3151 875 3196 lois
884 3150 993 3209 Apostoli
1003 3156 1364 3215 sermerrexxvrrr.1180.nnm.

261 3369 318 3426 and
332 3370 358 3424 ii
373 3386 413 3423 we
425 3368 532 3424 believe
544 3365 680 3421 Plutarch
691 3366 746 3420 and
760 3365 925 3430 Quintilian,
936 3365 986 3421 the
1001 3365 1101 3430 Stoice,
1113 3365 1184 3431 who,
1195 3383 1298 3440 among
1312 3369 1362 3426 the

261 3458 329 3528 gifts
343 3456 376 3510 of
386 3454 435 3509 the
447 3455 511 3508 wiso
523 3470 598 3517 man,
611 3453 690 3524 place
705 3451 776 3516 thot,
787 3462 817 3507 to
828 3452 910 3506 know
921 3451 984 3507 herr
996 3452 1052 3506 and
1065 3451 1145 3506 uhcn
1160 3459 1190 3509 te
1201 3454 1247 3511 lie.
1283 3456 1361 3511 Aris·

261 3543 332 3597 totle
350 3543 380 3594 in
398 3557 475 3596 some
493 3540 587 3611 ploces
605 3555 722 3610 appears
740 3546 771 3593 to
793 3538 829 3593 be
851 3538 884 3593 of
902 3538 952 3594 the
977 3556 1054 3594 same
1082 3540 1205 3610 opinion.
1251 3541 1361 3597 Andro.

261 3629 340 3682 nicus
355 3626 491 3691 Rhodius,
505 3626 640 3698 speaking
651 3625 685 3679 oi
700 3641 719 3679 a
730 3624 874 3696 physician
887 3625 949 3680 who
964 3625 1028 3680 tells
1048 3642 1066 3679 a
1080 3625 1117 3681 lie
1136 3632 1166 3682 te
1185 3627 1229 3683 his
1244 3629 1362 3699 petlent,

261 3731 332 3785 says,
347 3715 376 3766 ho
394 3715 510 3777 dcoeices,
529 3715 575 3766 hut
596 3712 619 3766 is
640 3721 686 3765 mot
704 3729 723 3765 o
743 3713 873 3773 deccioerr
896 3712 952 3767 and
970 3712 1039 3768 edde
1054 3711 1103 3767 the
1118 3728 1227 3777 reason,
1244 3713 1306 3767 that
1320 3715 1361 3768 his

261 3801 339 3870 obJ'ect
353 3800 433 3852 ismot
446 3809 471 3852 to
484 3800 588 3861 deceive,
601 3800 646 3851 but
659 3807 684 3851 to
698 3815 759 3852 suco
773 3800 813 3853 the
824 3816 899 3853 econ.

314 3892 331 3937 4
358 3886 445 3956 Many
459 3884 554 3939 others
569 3883 673 3939 defend
685 3883 735 3939 lies
749 3884 796 3938 ior
812 3885 885 3954 good
902 3901 1053 3955 purposes:
1075 3883 1239 3948 Quintilian,
1260 3883 1362 3955 Diphi.

261 3970 314 4036 lus,
330 3970 492 4041 Sophocles,
504 3969 648 4033 Pisandes,
662 3969 820 4040 Euripides,
836 3970 993 4033 Quintilian
1007 3970 1098 4040 again,
1112 3968 1286 4034 Eustathius,
1300 3970 1363 4026 who

261 4056 356 4126 brings
368 4057 541 4111 testimonica
553 4055 627 4109 from
642 4055 803 4109 Herodotus
817 4055 873 4108 and
887 4055 1035 4109 Isocrates.

318 4143 357 4197 X.
404 4149 418 4196 1
445 4143 580 4214 Opinione
599 4157 630 4195 so
651 4139 751 4211 widely
778 4140 915 4210 differing,
937 4140 1058 4211 perhaps
1081 4156 1123 4194 wo
1144 4156 1209 4210 may
1231 4141 1262 4194 in
1283 4157 1361 4196 some

261 4246 388 4283 measure
410 4228 564 4291 conciliate,
587 4227 624 4297 by
646 4226 772 4296 alargcr
789 4242 822 4280 or
843 4228 956 4280 stricter
975 4226 1202 4297 acceptationes
1218 4226 1268 4281 the
1287 4233 1360 4281 term

262 4316 302 4369 lic.
347 4315 404 4369 For
418 4333 459 4369 wo
472 4314 508 4369 do
523 4320 573 4367 not
584 4312 653 4367 here
667 4329 717 4367 use
735 4312 784 4367 tho
798 4319 871 4366 term
889 4314 930 4376 lie,
948 4329 980 4367 so
998 4329 1028 4368 as
1048 4318 1078 4368 to
1093 4313 1178 4384 apply
1190 4312 1281 4368 where
1296 4313 1319 4367 it
1336 4314 1360 4368 is

262 4402 452 4467 unintonded;
470 4417 512 4455 we
524 4417 589 4473 may
601 4398 767 4469 distinguish
783 4399 950 4473 ascissiood
962 4399 1018 4453 ond
1030 4416 1048 4454 a
1060 4399 1100 4455 lie.
1139 4400 1191 4455 We
1203 4417 1285 4456 mean
1299 4400 1361 4455 that
