2916 4906
100 239 172 296 (iar.
186 236 237 306 V.]
280 239 332 294 DE
354 238 480 294 REBUS
501 236 720 293 vasrtnnis
743 239 1057 305 ERIPIENDISQUE.
1161 234 1203 299 99

176 399 198 464 2
231 398 276 465 Et
288 397 359 464 ideo
378 396 529 484 Ulpianus
549 396 704 484 publicum
721 397 775 484 jus
791 398 883 464 etiam
901 399 933 465 in
955 399 1050 466 sacris
1066 400 1111 466 ait
1132 423 1203 468 con-
1216 419 1354 506 mie?-

100 498 219 565 sisterc.
271 495 441 563 Pausanias
457 496 615 563 Arcadicis
631 497 676 564 ait
697 519 815 563 morem
832 497 926 564 inisse
948 499 1066 566 Graecis
1089 501 1202 568 barba·
1215 511 1265 604 gg·
1272 555 1303 596 a

100 597 206 684 risque
232 618 433 673 communem,
462 604 498 663 nt
526 617 577 662 res
602 618 699 662 sacras
727 597 851 663 arbitrii
881 619 989 664 eorum
1014 599 1125 666 fierent
1149 602 1202 688 qui
1259 585 1264 595 ⁸

101 697 195 764 urbes
212 696 374 784 cepissent
426 695 478 762 Sic
496 694 587 762 Jovis
607 695 736 762 Hercaei
756 696 963 773 simulacrum,
987 698 1083 785 Troja
1100 712 1200 788 capta,

101 819 279 864 concoesum
302 795 460 873 Sthenelo,
480 795 640 881 multaque
663 795 725 862 alia
750 795 816 882 ejus
840 796 935 862 moris
958 799 1101 887 exempla
1120 822 1202 866 com·

100 904 263 964 memorat.
299 894 500 983 Thucydides
516 894 569 961 lib.
588 915 632 960 tv.
659 891 720 964 τόν
736 890 833 975 νόμον
847 898 918 970 τοῖς
931 893 1095 979 Ἕλλησιν
1109 901 1200 977 cluat,
1213 915 1301 964 &rs-⁹²

102 989 146 1066 cla
170 991 212 1066 dr
232 988 312 1096 ᾖτδ
329 990 448 1089 κράτος
465 997 525 1076 rsit
543 997 608 1082 γῆς
628 990 778 1072 ἑκάστης,
796 990 835 1076 ἦν
856 1025 897 1065 τε
925 996 1072 1074 πλέονος,
1098 992 1139 1080 ἦν
1161 1029 1201 1068 τε

104 1090 329 1190 βραχυτέρας,
355 1090 486 1164 τούτων
511 1093 562 1162 καὶ
592 1089 637 1162 vd
668 1092 738 1187 lepti
765 1091 819 1164 a'ei
849 1097 1039 1187 γίγνεσθαι·
1057 1100 1116 1182 jas
1143 1100 1202 1166 hoc

103 1198 195 1282 apud
213 1197 346 1263 Grecos
363 1216 439 1272 essa
462 1206 500 1261 at
516 1195 575 1281 qai
596 1196 773 1280 imperium
788 1198 953 1264 obtineant
973 1198 1010 1262 ia
1032 1211 1123 1264 terra
1140 1200 1204 1265 ali·

102 1318 170 1382 qua
184 1318 307 1382 moysa
323 1306 384 1361 oat
399 1315 522 1381 parva,
545 1285 674 1361 deoram
690 1296 758 1361 eim
778 1308 808 1363 et
830 1299 957 1383 templa.
1010 1298 1041 1363 A
1059 1319 1121 1384 quo
1139 1319 1203 1363 non

102 1393 257 1481 discrepat
272 1393 348 1460 illud
362 1393 448 1482 apud
464 1392 624 1460 Tacitum:
649 1406 783 1461 oaactas
804 1400 1000 1464 ceremonias
1015 1399 1149 1464 Italicis
1165 1400 1203 1464 ia
1214 1413 1270 1452 Ass
1278 1412 1307 1452 ιιι·
1316 1413 1348 1458 τι

101 1497 247 1659 ἷρίιίὼζ
260 1495 450 1582 amplaque,
471 1501 502 1562 et
517 1495 685 1560 caminum
702 1497 828 1582 effiqiea,
840 1497 935 1581 juris
951 1510 1049 1585 atque
1069 1499 1203 1585 imperii

135 1616 337 1772 ortloffii
351 1701 385 1760 ct
401 1691 532 1780 populus
547 1691 624 1780 ipse,
643 1699 767 1760 mutata
786 1694 955 1774 voluntate,
978 1704 1081 1784 potest
1097 1719 1137 1762 ex
1153 1718 1202 1762 sa·

102 1814 155 1859 cro
171 1793 337 1880 profanum
352 1792 472 1859 iacere:
497 1791 580 1878 quod
602 1813 666 1858 non
687 1794 817 1860 obscure
837 1794 975 1861 indicant
992 1795 1203 1881 jurisconsulti

104 1891 221 1960 Paulus
245 1901 279 1960 et
303 1890 492 1960 Venuleius:
523 1899 556 1957 et
581 1898 755 1978 temporum
780 1893 963 1963 necessitate
986 1894 1126 1960 videmus
1150 1915 1203 1959 res
1215 1910 1241 1947 ι.
1249 1909 1365 2000 ruffi

102 2013 206 2058 sacras
230 1993 272 2058 ab
292 1991 342 2058 his
362 1990 416 2077 qai
441 1999 643 2058 sacraverant
667 1991 716 2056 ein
740 1992 813 2057 belli
832 2014 905 2058 usus
927 2016 1098 2071 conversas,
1125 2001 1161 2059 ut
1183 2016 1203 2059 a
1214 2004 1354 2086 “mpt-

103 2133 156 2179 nina
171 2134 226 2182 lah.
238 2146 305 2180 xvir.
326 2147 378 2194 cap.
395 2133 479 2179 ultimo
495 2133 526 2179 de
540 2132 627 2178 Porcio
677 2133 786 2180 elesiario
798 2148 908 2182 nummos
918 2137 997 2193 vertit,
1006 2137 1048 2182 sed
1055 2141 1140 2196 postea
1150 2149 1203 2196 pro-
1214 2093 1366 2221 {maist

104 2208 196 2256 Catone
209 2223 298 2269 agens:
313 2209 374 2255 idern
389 2208 487 2255 arhorer
503 2208 629 2268 retiatores
677 2208 737 2254 tium
757 2210 867 2266 reddidit,
887 2215 916 2257 ut
935 2217 1016 2257 narrat
1036 2211 1202 2271 Theophanes.
1214 2185 1337 2278 wigfm‘

103 2281 629 2344 lacorqaesaccidipermisit,socn)iciopriar
678 2278 741 2324 Vide
761 2285 786 2326 et
808 2283 905 2326 Annam
924 2281 1070 2328 Comnenam
1096 2282 1158 2327 libro
1179 2294 1203 2327 v.

95 2359 184 2418 factor
207 2358 273 2416 euius
291 2359 327 2406 rei
346 2359 461 2404 rationem
480 2371 571 2417 quoque
590 2371 629 2403 eo-
678 2353 740 2415 (cap.
752 2356 776 2414 1)
789 2360 814 2401 et
828 2356 890 2401 libro
900 2369 936 2401 vr.
956 2355 1071 2417 (capit.)
1104 2358 1204 2403 Crome-

104 2434 157 2480 dewr
180 2434 294 2480 volmar
320 2433 430 2480 tradidit.
471 2433 538 2479 Sulla
564 2432 628 2479 bello
678 2430 1206 2491 rumtibroxxm.(praetendisset.)

105 2507 270 2554 Mithridatico
279 2507 378 2554 donaria
393 2508 424 2553 ab
436 2506 555 2568 Olympia,
568 2506 628 2566 Epi·
679 2505 811 2549 orationem
832 2503 985 2549 Laurentiani
1004 2505 1069 2562 apud
1087 2505 1204 2550 Bembum

104 2585 187 2643 daura,
198 2584 299 2646 Delphis
308 2584 416 2644 abstulit,
431 2584 561 2630 Plutarcho
574 2596 629 2628 nar-
678 2578 741 2624 libro
752 2591 786 2624 vr.
817 2579 889 2624 Adde
900 2592 954 2638 quas
967 2578 1030 2624 inira
1043 2578 1152 2625 dicentur
1165 2594 1205 2625 ca·

102 2667 180 2719 rante,
192 2662 259 2722 (pag.
269 2661 323 2720 469)
334 2665 359 2706 st
368 2661 491 2720 Appiano,
503 2659 629 2720 (pag.206)
679 2654 787 2712 pitcxxi.
806 2653 868 2713 523.
900 2653 996 2713 [Neque
1005 2653 1072 2699 locus
1083 2654 1205 2701 Plutarchi

102 2737 165 2783 idom
175 2736 280 2797 pretium
290 2735 404 2782 nstituit,
428 2735 550 2781 Diodorus
561 2734 629 2780 steu-
678 2727 709 2772 de
720 2727 879 2787 Syracusanis,
890 2741 968 2788 neque
979 2728 1050 2774 Plinii
1064 2729 1094 2774 da
1105 2729 1206 2786 Catone,

102 2806 628 2871 lnsinEscetptirPeireseiaair.(pag.406.)
677 2803 943 2849 udradramfaciunt.
965 2802 1206 2863 Heraclinmqnoqne

103 2887 231 2946 Augustas
244 2900 274 2931 ax
289 2883 386 2944 templis
400 2884 524 2930 thesauros
535 2881 629 2942 accepit
678 2877 782 2938 pretium
803 2891 912 2923 rasorum
935 2878 1051 2924 refudisse
1066 2892 1110 2924 nec
1126 2878 1206 2924 Theo-

103 2967 207 3017 mntncs,
226 2959 340 3020 Appiano
360 2958 462 3005 docente
481 2957 585 3007 civilium
604 2968 628 3002 v.
679 2953 824 3012 phanesnec
835 2952 976 2999 Anastasius
991 2967 1034 3000 nac
1044 2952 1138 3000 Auctor
1148 2954 1206 2999 ilia-

105 3033 240 3098 (praeto)
257 3047 314 3080 rasa
326 3045 394 3080 sacra
407 3032 438 3077 ab
453 3031 567 3091 Agapeto
584 3044 627 3089 op·
679 3027 747 3074 toria
767 3027 881 3074 Miscella
906 3028 1009 3089 scripsit.
1047 3028 1110 3078 vide
1128 3029 1205 3076 Notas

103 3111 232 3171 pignorata
247 3107 322 3155 tradit
343 3106 498 3153 Cassiodorus
519 3117 569 3151 xrr.
589 3107 627 3152 20.
680 3103 793 3151 Gallicas.
823 3102 851 3151 J.
861 3102 907 3164 B.]

6 3229 8 3233 .
103 3184 230 3235 umens·
240 3184 265 3231 in
280 3182 349 3244 gravi
363 3181 505 3228 necessitate
519 3193 575 3226 rasa
588 3193 627 3226 ec-

103 3417 153 3478 ths
170 3416 294 3472 formula
312 3415 402 3471 which
416 3432 457 3472 wc
471 3415 543 3472 hare
559 3413 710 3471 elsewhere
728 3415 803 3470 cited
821 3414 895 3470 from
914 3414 993 3485 Livy.
1033 3411 1072 3466 So
1087 3411 1205 3467 Plautus

103 3501 134 3558 in
147 3502 198 3558 the
211 3502 385 3573 Amphitruo.

162 3595 179 3644 2
204 3588 270 3643 And
299 3587 441 3643 therefore
463 3587 569 3660 Ulpian
592 3602 655 3657 says
678 3584 741 3641 that
763 3585 859 3657 public
882 3585 934 3640 law
958 3581 1084 3638 includes
1107 3582 1205 3637 sacred

104 3673 198 3746 things
212 3674 280 3729 also.
326 3674 480 3728 Pausanias
495 3690 557 3744 says
569 3672 632 3726 that
647 3672 704 3726 itis
720 3688 737 3724 a
752 3672 876 3742 practice
899 3686 1029 3726 common
1047 3676 1077 3723 to
1097 3668 1205 3723 Greeks

103 3761 160 3815 and
173 3760 347 3824 barbatiane,
361 3759 424 3814 that
446 3759 543 3814 sacred
567 3758 659 3828 things
680 3756 781 3812 should
802 3755 839 3810 bo
856 3761 886 3809 at
907 3755 982 3810 their
1003 3753 1125 3826 disposal
1142 3753 1204 3808 who

103 3846 175 3903 have
189 3845 275 3901 taken
287 3845 336 3900 the
351 3845 416 3919 city.
446 3845 484 3899 So
499 3844 580 3899 when
594 3845 670 3915 Troy
684 3858 739 3895 was
751 3841 845 3906 taken,
856 3840 906 3895 tho
920 3842 1012 3912 image
1024 3840 1057 3894 of
1068 3840 1205 3893 Horcaaan

102 3931 175 3989 Jove
198 3947 254 3987 was
277 3930 396 4002 merted
418 3937 448 3986 to
472 3929 644 3994 Sthenelusy
676 3927 733 3981 and
757 3926 934 3999 Thucydides
957 3926 1097 3981 mentions
1119 3940 1205 3997 many

104 4017 245 4090 examples
260 4016 294 4072 oi
306 4016 363 4071 this
377 4032 477 4087 usagcr
501 4017 558 4070 that
572 4017 631 4086 they
644 4015 702 4067 who
722 4012 781 4068 ralc
795 4014 836 4067 the
848 4014 916 4066 laad
925 4029 1024 4083 possess
1039 4013 1080 4066 tis
1091 4011 1204 4080 templa.

103 4103 169 4159 And
183 4101 321 4159 Tacitus's
335 4106 455 4158 account
469 4102 492 4156 is
507 4107 558 4157 not
573 4100 660 4172 really
675 4099 815 4164 different,
830 4098 893 4153 that
907 4099 936 4152 in
951 4097 1000 4152 the
1015 4096 1097 4152 Italic
1116 4103 1205 4151 towns

104 4190 143 4244 all
157 4190 206 4245 the
218 4188 399 4253 ceremonias,
413 4187 541 4260 temples‚
555 4187 669 4256 images‚
683 4202 732 4240 are
744 4185 835 4240 under
846 4184 895 4239 the
909 4185 1020 4237 Roman
1035 4179 1187 4253 authority.

162 4282 179 4333 3
205 4274 372 4330 Whereiors
390 4273 439 4328 the
453 4274 556 4345 people
570 4288 635 4343 may
649 4270 756 4342 change
770 4271 807 4325 its
822 4270 886 4335 will,
907 4269 962 4323 and
977 4269 1060 4323 make
1077 4285 1095 4322 a
1108 4265 1206 4323 sacred

103 4360 231 4434 building
251 4362 313 4416 into
335 4377 353 4414 a
366 4359 485 4435 profane
500 4375 571 4423 ancy
593 4374 623 4413 as
637 4356 743 4411 Paulus
757 4356 813 4410 and
828 4354 981 4410 Venuleius
995 4360 1046 4408 not
1061 4350 1208 4423 obscurely

104 4448 207 4523 imply;
225 4447 284 4503 aad
297 4462 340 4501 we
354 4462 401 4501 seo
414 4444 485 4511 that,
500 4443 539 4519 by
553 4444 602 4500 the
616 4442 755 4516 necessity
775 4441 808 4496 oi
823 4440 873 4495 tho
893 4440 985 4504 times,
999 4437 1097 4494 sacred
1111 4374 1341 4626 thinis!

1015 4533 1106 4603 't-s
1175 4530 1187 4575 ὅ
