2916 4906
149 247 217 306 Gar.
230 248 297 320 X1.]
373 248 669 306 INTERFIOIENDI
689 249 735 306 IN
756 247 881 305 BELLO
903 247 1034 306 JUSTO.
1188 240 1252 303 215

148 412 261 501 quibus
276 411 330 478 ille
345 411 463 478 nullum
482 411 535 500 jus
552 411 662 479 tribuit
683 410 716 478 iu
732 411 880 494 homines,
903 412 987 499 quod
1008 434 1071 478 non
1087 411 1129 479 ad
1152 411 1252 477 homi.

148 535 223 579 num
239 512 371 578 salutem
388 534 425 578 ac
441 512 620 579 societatem
636 514 880 578 conservandam
893 521 975 578 esset
991 511 1226 578 necessarium?

223 613 246 678 2
277 611 407 679 Accedit
427 612 561 699 primum
583 611 623 677 de
639 611 745 699 pueris
762 611 913 698 judicium
925 632 1043 677 eorum
1064 612 1247 698 populorum
1261 629 1410 723 pyppinus·

147 732 185 778 ae
200 718 386 797 temporum,
404 710 516 796 quibus
537 710 585 775 ias
602 709 736 777 maxime
752 711 859 781 ualuit.
902 712 1009 777 Arme
1025 713 1177 778 hebemus
1192 709 1250 797 (ait

147 810 232 896 apud
249 808 372 875 Livium
390 809 550 892 Camillus)
568 832 632 877 oon
648 812 807 877 adversm
823 832 893 877 eom
911 819 1048 888 satutari,
1066 811 1122 876 cui
1138 812 1248 886 etiam,
1261 830 1373 877 naam.

148 910 257 996 captia
277 910 683 994 obtemperaremus
706 912 863 977 adversae
880 921 1034 975 armatos.
1073 908 1172 975 Addit
1189 909 1249 974 hoc

148 1029 217 1074 esse
231 1008 315 1075 inter
338 1006 410 1073 belli
422 1006 505 1093 jura,
527 1007 683 1074 naturalia
704 1008 828 1074 seilicet.
875 1009 1062 1074 Plutarchus
1078 1008 1118 1075 da
1139 1007 1247 1074 eadem
1263 1024 1391 1110 'isim

147 1128 185 1173 re
200 1128 316 1196 agens:
333 1118 419 1183 eunt,
434 1104 543 1192 iuquit,
562 1111 654 1193 apud
672 1109 767 1174 bonos
784 1110 883 1174 etiam
900 1109 976 1174 belli
991 1111 1139 1192 quedam
1157 1109 1247 1194 layas.
1260 1080 1280 1120 μ

149 1206 213 1273 Ubi
229 1215 305 1272 nom
320 1204 397 1272 illud
415 1207 508 1292 apud
521 1207 626 1282 docos,
648 1215 685 1272 ut
701 1207 761 1272 hoc
772 1207 825 1293 jus
841 1208 882 1273 ab
897 1228 944 1283 eo,
961 1208 1046 1293 quod
1063 1206 1097 1272 in
1112 1206 1248 1273 moribus

148 1312 182 1370 ct
196 1304 380 1392 impunitate
392 1305 527 1392 pesitum
543 1314 600 1383 est,
618 1304 816 1372 discriminas.
847 1306 899 1372 Sic
916 1306 1028 1372 Florus
1044 1315 1141 1395 negat
1155 1305 1247 1372 aliter
1260 1329 1327 1370 nisi
1337 1344 1347 1362 .
1357 1326 1365 1366 r
1375 1326 1412 1367 a.

148 1403 230 1471 'lieri
243 1404 381 1492 petuisse
402 1402 490 1470 salva
509 1403 699 1492 integritate.
752 1405 845 1491 Apud
869 1404 991 1471 Livium
1011 1404 1072 1471 alio
1090 1406 1156 1471 loco
1180 1412 1409 1472 ocimum

148 1527 172 1569 o
188 1527 255 1590 qao
272 1517 368 1570 oetotc
384 1506 484 1570 etiam
500 1505 604 1570 hostes
621 1506 706 1570 irati
721 1506 927 1571 abstinerent.
978 1505 1022 1571 Et
1038 1504 1132 1572 alibi:
1149 1527 1388 1588 aequanimus

149 1608 194 1671 ed
209 1605 390 1689 insontium
407 1606 524 1669 coedcm
540 1605 595 1671 ire
612 1604 754 1670 madalis
763 1607 920 1689 pervenit.
1259 1578 1290 1614 sc

210 1705 232 1768 3
267 1702 359 1780 Quod
374 1711 479 1767 autem
492 1701 525 1766 iu
541 1702 646 1788 pueris
658 1701 788 1767 rationis
800 1724 889 1767 usum
901 1724 963 1766 nou
977 1701 1099 1788 adeptis
1111 1723 1245 1789 semper,

149 1798 181 1866 id
197 1799 231 1866 in
246 1797 564 1888 femiuis‘plerumque
584 1800 714 1878 obtinet,
737 1800 770 1866 id
779 1809 850 1887 est,
873 1801 931 1867 nisi
947 1800 1066 1888 aliquid
1086 1800 1247 1889 peculiari-

147 1970 211 2003 Μ
230 1955 296 2003 ultra
316 1955 433 2001 minum
451 1969 545 2018 merem.
573 1955 669 2016 (Antip.
720 1956 864 2016 περαιτέρω
879 1958 925 2012 τῆν
941 1957 1007 2013 νίκης
1022 1958 1063 2005 κα1
1083 1959 1130 2005 τοῦ
1145 1965 1248 2019 κρατεῖν

147 2032 206 2079 lea
218 2044 279 2078 xm.
290 2044 343 2090 cap.
353 2033 390 2077 14.
402 2029 417 2090 5
428 2030 463 2090 2.)
479 2030 598 2091 Agathino
608 2032 671 2077 libro
721 2032 774 2077 τῶν
789 2032 909 2078 ἐναντίαν
921 2030 988 2092 θυμῷ
1005 2032 1142 2092 χρώμενος·
1162 2048 1190 2080 ne
1209 2034 1247 2079 iw-

148 2119 188 2153 111.
207 2104 295 2159 ὖτσιδῆ
310 2105 331 2152 δ’
348 2105 413 2165 ὅμως
430 2107 477 2166 οὐχ
493 2104 564 2152 ὅσιον
579 2105 620 2152 trel
638 2107 673 2152 eie
711 2105 795 2164 santes
807 2105 900 2164 quidem
915 2105 1024 2152 lactentes
1038 2107 1117 2153 adduc
1133 2107 1192 2152 mali
1206 2121 1248 2152 ex-

148 2180 212 2228 αὐτοὶ
222 2179 251 2236 dri
260 2180 295 2227 τα“
305 2179 397 2241 νεογνᾰ
405 2179 489 2240 βρέφη
500 2181 541 2226 xci
552 2182 604 2226 τῶν
618 2184 673 2226 τοῖα
720 2180 876 2239 sortesfitere,
885 2180 958 2227 sedet
967 2181 994 2226 ii
1002 2181 1064 2227 aaut
1079 2181 1104 2226 in
1119 2182 1191 2227 herto
1205 2182 1247 2228 de-

147 2255 248 2314 γονοῦσι
262 2253 457 2316 τετολμημένων
476 2254 544 2300 οὐδὲν
564 2251 671 2299 tamd-
720 2254 789 2300 messi
807 2259 869 2312 aunt,
890 2259 932 2300 ant
953 2255 1016 2300 velut
1032 2255 1083 2314 flos
1107 2269 1247 2313 mreuere,

147 2347 209 2389 μονα
227 2334 356 2387 παροινεῖν
371 2331 438 2377 οὕτω
456 2328 672 2389 κα1ᾰφνβρίζειν,
711 2329 785 2388 secto
796 2330 911 2374 dominam
921 2328 1085 2374 misericordia
1099 2329 1247 2388 iwtectoram,

148 2403 235 2451 οὗκονν
243 2404 389 2450 αὐτοῖσούδὲ
404 2402 488 2449 α’τοινὶ
503 2403 581 2449 τοῦτο
596 2402 673 2463 ἦμάρ·
720 2418 792 2463 neqroe
800 2404 922 2450 scientiam
932 2402 1046 2459 injuficm
1055 2401 1086 2448 αδ
1098 2417 1124 2449 eo
1129 2404 1190 2462 ficri
1202 2419 1247 2450 na·

147 2490 240 2534 τησαν·
264 2476 449 2538 qundoquidem
468 2478 607 2537 cereptum
626 2491 672 2522 non
719 2483 777 2526 turc
788 2476 1247 2538 hacfushomiwumciolart,quialtro,

147 2553 320 2601 vatiam
329 2552 509 2612 matrissantes
517 2557 672 2613 paternorum
719 2569 791 2616 pacm
797 2559 823 2601 ut
828 2553 1032 2600 honaeincctout
1037 2553 1138 2614 edicat,
1144 2555 1247 2601 tetendit

140 2628 591 2690 sedacnnffloeiteeoeeireatqwe
605 2629 671 2675 tneo-
719 2631 791 2676 a'rcm.
812 2627 1036 2687 (lnBaldnln.eap.
1047 2628 1081 2687 9.)
1111 2629 1182 2676 Adde
1192 2643 1247 2689 qum

146 2703 204 2759 nire,
219 2703 273 2750 ideo
287 2702 336 2750 hcc
348 2704 410 2764 ipsis
423 2718 470 2749 nea
482 2704 575 2764 impune
583 2702 670 2751 attere.
719 2704 787 2751 Beda
801 2704 873 2750 habet
887 2703 949 2748 libro
960 2716 988 2749 rr.
1004 2717 1056 2762 cap.
1068 2705 1104 2750 20.
1120 2703 1150 2750 ds
1165 2705 1246 2750 Carea-

147 2778 369 2841 (murnaco.)
400 2779 506 2837 Nicetes,
516 2778 671 2838 autqnlhis-
718 2779 788 2825 vella
804 2778 913 2824 lentate:
933 2782 958 2823 et
973 2777 1138 2824 Helvetiorum
1159 2780 1246 2824 bonam

146 2853 230 2900 teriam
240 2854 292 2915 αῇαα
302 2854 420 2915 produxit
433 2854 463 2900 ad
478 2859 588 2913 tempera
602 2853 671 2899 ilen-
718 2853 796 2912 legem
807 2853 872 2912 apud
882 2852 1015 2909 Slmlerum,
1025 2851 1089 2910 (Lib.
1100 2865 1129 2900 ιι.
1140 2855 1247 2912 puppim

146 2928 187 2975 rlci
201 2929 274 2989 regia
290 2929 321 2975 de
336 2929 429 2989 Scythis
443 2942 525 2989 agens,
541 2927 582 2989 qul
597 2928 670 2974 Athl-
719 2927 788 2974 Edtt.
809 2926 925 2985 Eteevz'r.)
948 2931 973 2973 et
990 2926 1135 2973 Elisabethre
1155 2927 1246 2986 regine

146 3015 195 3049 ram
205 3008 332 3063 ceperant:
347 3003 407 3050 ἀλλ’
416 3003 470 3049 οὐδὲ
479 3001 514 3048 τὰ
529 3001 671 3060 irenacei-
719 3003 759 3061 pia
774 3003 887 3048 mandata
902 3002 967 3062 apud
982 3001 1131 3049 Camdanum
1146 3002 1171 3048 in
1182 3015 1246 3049 anno

146 3075 186 3123 δια
195 3078 248 3124 τὸν
256 3077 354 3124 παίδων
363 3076 409 3123 τοῦ
419 3076 498 3122 καλοῦ
513 3073 594 3134 δφᾶνη
607 3073 671 3122 dud-
719 3077 881 3124 cIoluxcvi.

146 3167 217 3211 τερα,
227 3149 447 3211 ἀλλ’ᾰτεδερίσθη
459 3149 499 3196 καὶ
509 3151 593 3196 ταῦτα
603 3148 672 3195 κατα
763 3150 774 3180 ³
788 3151 867 3197 Locus
881 3150 964 3197 Fnowi
981 3150 1015 3197 ita
1029 3166 1081 3199 sese
1094 3152 1182 3199 habet:
1202 3150 1245 3199 Ve-

146 3226 226 3285 χλόην
235 3228 277 3272 καὶ
292 3224 364 3272 didos
379 3224 539 3285 οὐμάραντον,
556 3224 605 3270 iord
619 3227 672 3271 τῶν
718 3240 771 3272 rom
787 3225 875 3273 sciebat
890 3226 1021 3282 victoriam,
1035 3242 1093 3286 quo,
1108 3228 1177 3274 cclcc
1185 3229 1247 3286 fide,

146 3300 207 3360 iiie
226 3300 364 3347 ἀναλώτων
384 3300 483 3346 ἱκάνων
505 3299 607 3360 ἀνδρῶν,
629 3298 671 3345 καὶ
718 3305 740 3347 et
756 3300 849 3359 inteyra
865 3299 1131 3360 dictitatefflareretur.
1156 3301 1209 3347 Lib.
1227 3314 1245 3347 1.

145 3376 258 3435 μηδαμῶς
273 3374 376 3422 οῐδότων
389 3372 421 3422 ade
435 3374 516 3421 α’δικαῖ
531 3373 579 3427 ‘triv
593 3375 671 3434 φύσιν
719 3388 771 3435 cap.
781 3377 817 3420 12.
847 3373 875 3421 J.
885 3373 920 3420 Β.

146 3450 186 3497 καὶ
205 3450 296 3510 θεσμὸν
315 3449 403 3499 ddecet
418 3449 466 3496 τδν
480 3447 641 3509 ἀνθρώπινον,
657 3447 671 3496 δ

146 3642 208 3699 anu
223 3645 250 3700 ii
262 3644 326 3701 eod
341 3645 390 3701 did
404 3647 461 3702 and
480 3646 607 3703 directed
625 3646 700 3713 thus,
714 3646 764 3701 the
779 3647 866 3701 Girer
879 3645 935 3699 and
950 3644 1026 3700 Lcrd
1044 3642 1078 3700 oi
1096 3642 1155 3709 liic,
1168 3642 1244 3698 what

145 3730 247 3786 should
258 3747 325 3786 men
339 3733 386 3797 do,
400 3739 431 3787 tc
443 3732 534 3786 whom
548 3732 586 3788 he
600 3733 651 3788 has
665 3733 748 3804 giren
762 3749 800 3786 nc
815 3730 959 3803 authority
974 3747 1041 3785 cwer
1055 3746 1130 3796 men,
1143 3735 1244 3802 except

146 3815 221 3872 what
232 3818 256 3872 is
268 3833 416 3889 necessary
427 3823 458 3874 to
469 3834 600 3890 preserve
613 3817 662 3873 the
674 3817 765 3889 saiety
780 3817 836 3871 und
848 3817 955 3888 society
967 3816 1001 3870 cf
1011 3815 1095 3870 men?

199 3908 218 3956 2
239 3903 319 3957 With
332 3903 434 3975 regard
446 3909 477 3959 to
493 3903 636 3969 children,
650 3920 691 3958 we
705 3919 754 3957 are
768 3902 921 3974 supported
936 3903 974 3975 by
989 3900 1038 3955 the
1049 3900 1199 3971 judgment
1214 3900 1248 3955 oi

146 3985 195 4042 the
209 3994 284 4044 most
298 3990 388 4044 moral
402 3990 485 4045 times
499 3990 556 4044 and
568 3990 693 4062 pecples.
733 3990 771 4043 So
787 3987 930 4052 Camillus,
947 3988 977 4041 in
991 3987 1079 4060 Liry3
1100 3986 1246 4052 Plutarch,

145 4073 207 4128 who
221 4090 284 4146 says
303 4075 374 4129 tiore
388 4092 444 4139 cre,
459 4093 558 4146 cmcay
570 4077 640 4148 φοοδ
652 4092 721 4136 mm,
736 4075 838 4129 certain
852 4075 918 4129 tows
932 4076 970 4144 os
977 4091 1056 4127 wer.-
1071 4071 1163 4127 where
1177 4079 1246 4126 note

144 4160 221 4229 opud
238 4161 325 4225 boam,
346 4176 450 4232 among
467 4161 542 4232 good
561 4178 636 4226 man,
654 4160 719 4215 that
736 4176 792 4231 you
812 4177 877 4232 may
899 4158 1065 4230 distinguish
1084 4157 1165 4213 those
1180 4158 1245 4212 lews

145 4243 219 4298 from
233 4245 283 4300 the
304 4252 464 4319 customary
483 4246 572 4318 rights
586 4248 620 4302 of
636 4263 702 4309 war,
718 4245 808 4300 which
822 4246 890 4319 only
907 4262 990 4300 mean
1011 4244 1160 4316 impunity.
1207 4244 1246 4297 So

144 4329 260 4385 Florum
280 4331 337 4385 and
351 4331 422 4403 Livy
436 4332 527 4404 again.

199 4421 216 4470 3
232 4415 293 4472 The
307 4417 369 4471 rule
381 4417 415 4472 of
422 4434 517 4489 mercy
525 4414 616 4473 which
627 4417 737 4474 ohtains
746 4416 848 4488 always
856 4415 886 4470 in
897 4415 1012 4479 intanta,
1020 4412 1131 4467 obtnins
1145 4410 1248 4485 mostIy
