2916 4906
233 211 276 273 98
365 217 417 271 DE
440 216 567 271 REBUS
589 213 806 270 VASTANDIS
828 213 1142 278 ERIPIENDISQUE.
1189 211 1262 281 [Lus.
1277 215 1331 269 Ill.

234 385 394 449 Romanis
417 383 602 469 permisere,
636 382 723 467 quod
746 381 884 446 salutem
909 381 992 466 ipsis
1018 380 1117 445 tulit:
1152 380 1332 445 Artaxatis

233 485 321 569 iccio
341 485 512 548 immissus.
678 561 680 566 λ

305 582 347 648 Il.
396 583 415 645 1
449 581 560 666 Neque
584 578 637 667 jus
668 579 807 668 gentium
837 601 966 655 merum,
997 575 1132 663 seposita
1162 576 1331 643 officiorum

233 681 364 747 aliorum
382 678 634 755 consideratione,
652 679 819 765 dequibus
837 678 975 746 dicemus
990 675 1082 752 iufra,
1100 697 1189 742 sacra
1206 676 1330 764 excipit,

233 780 339 860 idest,
358 801 428 866 quas
452 780 521 844 Deo
543 788 599 844 aut
615 778 673 843 diis
690 778 792 845 dicata
808 786 887 844 sunt
945 779 1029 843 Crem
1046 777 1118 841 locu
1134 788 1234 862 capta
1251 790 1331 843 auat

63 895 98 978 ’ὲ
105 895 206 981 ew·
233 882 274 946 ub
291 881 442 956 hostibus,
458 871 589 944 bornate
604 879 754 944 domasset
770 900 870 944 sacra
886 898 960 954 esee,
976 874 1021 942 ait
1038 875 1224 962 Pomponius
1235 875 1331 962 juris-

69 984 127 1036 '⁶¹¹2
233 979 398 1045 consultus.
452 980 560 1044 Socra
588 979 832 1064 Syracusarum
857 977 999 1043 victoria
1023 975 1168 1060 professo
1186 977 1328 1060 ficerat,

24 1115 27 1119 -
69 1099 157 1148 can-c.
232 1079 277 1144 ait
296 1078 404 1144 Cicero
421 1076 557 1144 Verrina
573 1085 695 1163 quarta.
744 1077 849 1142 Causa
870 1075 962 1162 hujus
978 1083 1035 1150 est,
1053 1072 1138 1160 quod
1154 1095 1225 1160 quse
1242 1096 1332 1141 sacra

235 1179 389 1255 dicuntur,
406 1199 520 1243 revera
539 1198 602 1241 uon
621 1175 793 1262 eripiuntur
818 1173 960 1240 humanis
980 1173 1094 1250 usibus,
1112 1172 1187 1238 cced
1208 1173 1332 1259 publice.

235 1286 326 1344 sunt:
352 1298 440 1342 sacre
457 1285 560 1342 autem
578 1275 776 1340 nominantur
791 1297 812 1340 a
828 1273 890 1340 fine
905 1273 955 1339 cui
970 1272 1125 1339 destinata
1142 1280 1222 1339 suut.
1260 1272 1331 1361 Sig-

235 1399 310 1442 num
328 1376 394 1463 ejus
410 1375 494 1462 quod
520 1374 587 1441 dico
608 1382 665 1452 est,
683 1374 767 1460 quod
788 1396 856 1440 cum
876 1373 946 1460 quis
963 1373 1094 1460 populus
1109 1369 1200 1438 elteri
1217 1372 1332 1459 populo

71 1494 214 1545 melete
234 1484 290 1542 aut
305 1475 374 1564 regi
395 1496 429 1541 se
452 1475 547 1552 dedit,
566 1482 632 1540 tum
654 1473 747 1539 etiam
764 1495 803 1539 οα
823 1473 896 1540 dedi
915 1493 986 1559 quae
1002 1471 1109 1538 diviua
1126 1470 1281 1547 dicuutur,
1296 1478 1333 1537 ut

235 1597 276 1640 ex
294 1574 426 1640 formula
442 1583 574 1661 apparet
588 1595 681 1660 quam
697 1573 858 1640 citavimus
873 1571 946 1638 alibi
963 1593 1003 1638 ex
1020 1570 1130 1638 Livio:
1154 1570 1203 1636 cui
1222 1591 1334 1638 coure-

234 1675 282 1742 nit
296 1674 372 1740 illud
389 1673 422 1738 in
437 1675 672 1760 Amphitruone
687 1672 790 1739 Plauti
806 1672 888 1758 (hot
905 1692 926 1737 1.
943 1671 1032 1738 Secu.
1051 1673 1081 1746 l,
1096 1691 1176 1738 vers.
1195 1669 1277 1754 71):

407 1790 525 1854 Urbem,
540 1806 647 1874 sgnum,
660 1805 732 1855 eras,
745 1789 833 1855 focos,
847 1805 931 1860 seque
946 1789 988 1843 uti
997 1788 1148 1845 dederent.

206 1977 208 1982 Ι
235 1889 358 1957 Deinde
375 1893 470 1976 (vers.
490 1890 587 1972 102):

407 2009 579 2081 Deduntque
594 2026 633 2077 se,
647 2010 749 2075 divine,
761 2007 940 2083 humanaque
955 2010 1058 2066 omnia.

279 2143 291 2179 ¹²
308 2144 394 2191 Omnia
409 2143 517 2191 dminuat
531 2156 605 2189 sucro
622 2139 682 2202 esse]
699 2142 761 2188 Ter·
854 2150 865 2177 ⁶
881 2143 930 2190 Sed
938 2142 1038 2203 publica
1049 2140 1115 2202 runt]
1131 2140 1251 2189 Mersillus
1261 2140 1336 2188 Pets-

235 2220 350 2266 tullianns
359 2216 648 2280 Apolocetieo(cap.25.)
679 2219 761 2264 Porro
812 2218 918 2264 vinusin
934 2219 1060 2265 defensore
1069 2217 1134 2279 pucis
1150 2230 1231 2278 espa.
1247 2219 1336 2277 μμ.

235 2294 298 2340 tella
309 2293 445 2339 etcictms'oe
457 2293 534 2352 captis
549 2297 571 2338 st
582 2292 669 2338 mersis
681 2291 761 2351 pluri-
813 2293 891 2340 Nicol.
912 2293 1014 2340 Boerius
1040 2293 1112 2341 decis.
1133 2304 1209 2340 τιτι.
1229 2305 1296 2338 uum.
1314 2293 1336 2337 1.

236 2384 298 2415 scum
307 2369 404 2415 urbibus
413 2374 533 2416 comant.-
550 2366 762 2428 idneqctiumss'us
813 2367 911 2414 Bossius
931 2368 956 2413 iu
975 2367 1042 2413 crlna
1064 2367 1095 2413 de
1112 2367 1166 2413 foro
1184 2369 1339 2426 competente

235 2446 343 2492 Deorum
352 2446 444 2504 injuria
452 2461 498 2492 non
511 2450 560 2493 est:
577 2445 662 2492 sedem
671 2449 763 2505 maces
813 2457 879 2489 num.
903 2444 956 2490 101.
1004 2441 1170 2488 Cothmanuus
1195 2453 1262 2488 cons.
1284 2441 1339 2487 100.

235 2523 372 2568 missust
382 2523 535 2581 tesaploruru:
548 2535 624 2581 pares
637 2519 711 2567 eredes
727 2519 761 2565 ei-
813 2531 879 2563 num.
890 2519 928 2564 30.

236 2597 298 2642 niusa
311 2595 506 2643 etsccerdctrsns:
523 2609 564 2642 asc
579 2594 705 2640 dissimiles
721 2606 763 2638 rc·
858 2591 977 2638 “Eorum
997 2592 1085 2638 sistet
1104 2588 1199 2650 templu]
1225 2589 1341 2637 Ostendit

233 2671 296 2731 piac
311 2686 436 2718 sacrarum
451 2671 590 2716 dinitiarum
607 2675 629 2716 et
642 2669 763 2729 profana·
814 2669 878 2715 hunc
887 2681 976 2714 morem
993 2671 1019 2714 et
1028 2666 1122 2728 Polybii
1137 2665 1204 2712 locus
1220 2664 1283 2712 luha
1299 2679 1341 2712 ce·

236 2761 296 2793 rum.
326 2746 370 2793 Tot
380 2747 454 2807 ι’ςίἑαν
461 2746 590 2805 sacrileqic
595 2745 764 2800 Romanorum,
815 2744 866 2804 pite
876 2743 916 2789 xii.
929 2743 941 2804 §
952 2745 974 2790 7.

237 2827 293 2882 quot
302 2823 421 2882 trophea:
433 2827 466 2867 tot
476 2821 577 2877 deDis's,
586 2825 642 2880 quot
652 2820 680 2865 de
689 2818 764 2880 centi-
860 2827 871 2852 ²
886 2820 916 2865 In
930 2818 985 2864 belli
1001 2830 1056 2863 usus
1069 2813 1204 2876 οαττοοττω]
1219 2815 1282 2863 lita
1296 2816 1341 2878 ey-

237 2896 279 2941 dus
289 2897 417 2956 triumphi.-
432 2901 465 2941 tot
475 2896 661 2954 menchimqum
672 2897 765 2939 monent
815 2894 904 2940 ruousis
921 2898 1030 2954 tempore
1046 2890 1211 2948 Timoleontis,
1228 2891 1254 2936 iu
1271 2891 1341 2951 cujus

237 2971 316 3016 adhuc
340 2971 470 3016 simulacra
490 2971 636 3028 captivorum
661 2969 763 3015 deorum.
816 2971 865 3016 vita
880 2971 905 3015 id
918 2970 991 3016 habet
1004 2969 1147 3015 Plutarchus
1164 2966 1288 3028 (pug.24'l
1303 2968 1342 3027 c.)

238 3045 311 3090 Mcxr
326 3045 420 3099 etheree,
434 3045 530 3103 quodsi
541 3043 601 3103 quid
615 3043 710 3088 adrem
724 3057 765 3088 us·-
818 3044 872 3091 Chii
888 3046 1002 3091 inulctam
1019 3046 1064 3092 sibi
1080 3044 1247 3091 sMithridnte
1264 3044 1340 3089 indic·

238 3117 305 3162 bibus
321 3116 416 3173 accidit,
435 3118 517 3163 ecdem
533 3117 613 3163 clades
629 3118 766 3176 templorum
816 3123 866 3165 tam
877 3120 1122 3166 etismesacrisvssis
1132 3118 1268 3167 comeant
1286 3117 1342 3178 Ap·

239 3192 548 3252 qsscetnsoeniunsfrssrant.
579 3191 711 3251 (Capto.)
817 3193 903 3252 planus
923 3193 1094 3252 Mithridatico,
1111 3193 1181 3254 (pag.
1191 3191 1258 3253 201.)
1290 3191 1341 3239 Pli-

240 3443 384 3499 themseices
395 3452 425 3498 ct
437 3443 477 3496 the
489 3459 577 3515 morey
592 3444 674 3514 ostie
686 3444 818 3510 Remeat,
827 3445 911 3499 ctist
922 3462 978 3499 was
994 3445 1061 3499 their·
1070 3446 1175 3516 scsetys
1193 3441 1341 3500 Aemate

240 3547 297 3583 wcs
310 3533 401 3584 barat.

291 3615 330 3668 11.
370 3620 383 3668 1
408 3613 469 3668 The
483 3630 560 3669 more
580 3615 648 3669 Law
668 3615 701 3671 of
712 3616 840 3682 Natious,
860 3616 964 3686 setting
978 3616 1056 3671 asida
1070 3615 1120 3670 the
1134 3614 1343 3671 consideration

240 3699 273 3754 of
285 3699 366 3754 other
383 3699 484 3766 dutics,
502 3701 536 3755 of
554 3700 645 3755 which
664 3719 705 3756 we
725 3702 797 3756 shall
812 3701 976 3756 afterwards
988 3703 1083 3773 speck,
1098 3702 1166 3756 dces
1178 3707 1229 3756 not
1241 3707 1343 3773 except

239 3785 336 3839 sacred
352 3785 472 3850 edifices,
493 3785 555 3841 that
569 3788 601 3852 is,
616 3786 697 3842 those
711 3787 802 3843 which
820 3805 868 3842 ατο
887 3787 1034 3842 dedicated
1049 3794 1079 3842 to
1095 3788 1160 3843 God
1172 3803 1205 3842 or
1216 3793 1246 3841 to
1261 3786 1341 3857 gods.

244 3871 329 3925 When
344 3872 436 3941 places
450 3890 497 3926 cre
517 3873 596 3928 taken
611 3875 644 3944 by
656 3875 696 3928 tiss
710 3892 809 3945 enemy,
824 3874 864 3927 cli
878 3891 961 3928 cesses
973 3884 999 3927 to
1011 3875 1040 3928 be
1052 3874 1153 3938 sacred,
1171 3889 1201 3928 es
1219 3873 1344 3945 Pompo·

240 3957 303 4010 nius
315 3956 364 4010 the
378 3957 467 4011 Jurist
486 3975 557 4029 says.
598 3960 651 4012 The
669 3961 763 4013 sacred
772 3960 863 4030 plcees
878 3960 913 4029 cs
926 3959 1059 4030 Syracuse
1073 3977 1140 4013 were
1151 3958 1300 4014 ἅατιοταταά
1310 3959 1344 4029 hy

240 4043 349 4113 victory,
361 4059 390 4097 as
406 4043 503 4097 (iiccrc
519 4060 589 4114 says.
624 4044 685 4098 Tho
698 4061 781 4099 cause
793 4045 826 4098 cf
839 4044 930 4099 thiais
945 4044 1008 4099 that
1018 4044 1068 4099 the
1083 4045 1177 4116 placas
1191 4042 1282 4098 which
1295 4059 1344 4097 ατο

241 4128 331 4183 οα11ο(1
343 4128 496 4183 accredere
505 4135 556 4182 not
568 4129 656 4200 really
668 4130 829 4185 abstracted
838 4129 911 4184 from
923 4129 1030 4184 human
1041 4147 1123 4195 uses3
1135 4131 1244 4185 butaro
1252 4128 1345 4184 called

240 4214 338 4270 sacred
356 4215 386 4267 in
406 4214 613 4269 consideration
632 4214 665 4268 ci
681 4215 731 4269 the
753 4215 809 4270 end
827 4222 857 4270 to
875 4215 966 4270 thch
984 4216 1052 4287 they
1070 4233 1119 4270 ατο
1143 4215 1280 4270 destined.
1319 4214 1346 4271 A

240 4301 303 4372 sign
322 4301 358 4372 ol
365 4300 420 4355 this
435 4301 458 4354 is
473 4300 535 4355 thet
549 4300 631 4356 when
643 4318 660 4354 α
671 4301 773 4373 people
785 4302 862 4372 gives
877 4301 956 4357 itsell
965 4320 1003 4374 up
1021 4308 1052 4357 to
1067 4301 1186 4358 another
1198 4300 1301 4373 pecple
1312 4315 1346 4355 οτ

240 4387 319 4461 king,
334 4387 358 4442 it
371 4387 447 4460 givos
461 4404 500 4461 up
519 4386 577 4444 also
592 4387 666 4442 what
683 4404 732 4445 are
752 4387 842 4445 called
860 4388 959 4445 sacred
980 4388 1101 4454 edifices,
1119 4404 1150 4444 as
1169 4402 1288 4460 appears
1307 4385 1347 4460 by
