2916 4906
260 201 325 266 350
368 209 420 264 DE
442 208 533 265 FIDE
554 208 723 264 PUBLIOA
745 206 825 274 Qua
845 208 1004 264 BELLUM
1023 209 1198 276 malrum,
1219 207 1293 278 [Lm.
1305 211 1363 271 111.

96 394 235 439 nissam
337 374 456 440 XLVI.
502 374 521 438 1
558 370 768 438 Arbitriorum
784 372 934 439 Proculus
952 395 1009 439 nos
1031 375 1121 441 docet
1138 373 1200 440 duo
1221 397 1289 442 esse
1306 398 1364 465 ge-

97 441 240 489 nermo.
262 496 360 540 nera:
387 494 482 538 unum
505 470 663 558 ejusmodi,
687 481 724 538 ut
745 471 813 538 sive
830 495 962 560 aequum,
988 473 1055 539 sive
1071 473 1220 560 iniquum,
1244 495 1363 562 parere

263 574 440 648 debeamus,
463 571 548 656 quod
564 571 758 647 observatur,
781 572 837 649 ait,
855 595 924 638 cum
941 594 982 637 ex
1003 573 1222 660 compromisso
1243 575 1286 641 ad
1309 597 1361 642 ar-
1446 657 1450 660 ⁵

263 673 379 739 bitrum
395 671 472 736 itum
487 679 552 737 est:
579 670 711 738 alterum
728 670 889 758 ejusmodi,
910 680 946 739 ut
962 672 1004 738 ad
1020 672 1093 738 boni
1115 672 1176 739 viri
1193 674 1361 742 arbitrium

97 795 248 835 neormam.
262 771 365 860 redigi
388 769 510 846 debeat,
535 770 621 857 cujus
637 770 762 858 generis
778 770 953 858 exemplum
979 772 1129 838 habemus
1149 771 1182 838 in
1204 774 1289 840 Celsi
1309 797 1362 841 rc·

96 843 163 930 ppo.
173 843 238 891 ἀφ’
262 893 394 959 sponso:
419 873 451 937 ei
469 872 611 946 libertae,
628 869 740 956 inquit,
757 873 810 937 ita
818 871 989 955 juraverit
1004 874 1086 938 dare
1102 895 1135 938 ec
1149 886 1225 958 quet
1242 896 1362 960 operas

255 985 421 1059 patronus
446 971 631 1035 arbitratus
656 973 710 1045 eit,
733 993 799 1036 eoa
823 972 924 1037 aliter
949 983 1060 1037 ratum
1073 975 1153 1056 fore
1179 975 1360 1040 arbitrium
1442 987 1449 1001 ⁰

259 1075 396 1156 patroni
422 1093 523 1156 qaam
549 1071 580 1137 ei
605 1092 731 1153 mquam
753 1072 938 1136 arbitratae
962 1073 1014 1138 ait.
1062 1071 1125 1137 Sed
1144 1072 1212 1138 hmo
1230 1073 1360 1161 jurisju-¹

262 1169 354 1235 randi
369 1167 597 1256 interpretatio,
615 1178 652 1234 ut
671 1168 819 1234 Romanis
837 1169 957 1258 legibus
973 1170 1076 1235 induci
1098 1171 1210 1257 potuit,
1226 1173 1272 1238 ita
1288 1195 1359 1238 ver·

262 1270 372 1335 borum
390 1267 578 1355 simplicitati
594 1289 651 1354 per
667 1290 702 1334 se
713 1278 861 1356 speetatae
877 1291 939 1334 non
956 1268 1108 1335 convenit.
1157 1271 1240 1337 Illud
1252 1282 1360 1339 tamen

261 1391 370 1434 verum
388 1376 502 1443 manet,
529 1366 647 1432 utrovis
665 1368 757 1433 modo
774 1368 927 1434 arbitrum
943 1369 1022 1433 sumi
1039 1389 1142 1456 posse,
1161 1379 1218 1436 aut
1234 1382 1270 1438 ut
1287 1394 1360 1437 oon-

261 1467 431 1533 eiliatorem
454 1474 585 1542 tantum,
607 1466 714 1551 quales
735 1467 940 1533 Athenienses
962 1467 1045 1533 inter
1064 1468 1205 1535 Rhodios
1225 1473 1276 1536 et⁴
1293 1473 1358 1537 De-

261 1566 405 1632 metrium
427 1565 522 1630 fuisse
542 1564 683 1653 legimus,
705 1575 762 1632 aut
776 1572 812 1632 ut
832 1566 917 1654 cnjus
935 1566 1017 1634 dieto
1037 1567 1210 1654 parendum
1232 1570 1357 1636 omnino

261 1666 325 1732 sit⁵.
378 1666 423 1730 Et
443 1666 502 1730 hoc
518 1673 567 1729 est
591 1686 691 1752 genus
716 1665 757 1730 de
778 1686 840 1752 quo
865 1688 921 1730 nos
944 1666 994 1732 hio
1018 1666 1150 1754 agimus,
1175 1678 1209 1734 et
1231 1670 1271 1735 de
1295 1691 1358 1755 quo

260 1765 406 1830 nonnulla
422 1786 517 1851 supra
533 1763 668 1830 diximus
682 1786 751 1830 oum
767 1764 808 1831 de
825 1765 956 1831 carendi
973 1765 1046 1830 belli
1062 1766 1235 1834 rationibus
1251 1768 1358 1854 loque·

259 1886 375 1930 remur.

335 1967 355 2030 2
392 1964 577 2050 Quanquam
594 1985 669 2030 vero
685 1963 778 2029 etiam
796 1962 965 2029 dotalibus
980 1963 1115 2043 arbitris,
1133 1964 1166 2030 in
1183 1987 1260 2052 quos
1274 1988 1358 2032 oom-

257 2064 441 2153 promissum
464 2073 520 2140 est,
540 2063 591 2127 lex
617 2062 714 2127 civilis
730 2072 869 2129 statuere
885 2062 992 2148 possit,
1016 2072 1048 2128 et
1066 2063 1181 2130 alicubi
1198 2067 1355 2146 statuerit,

300 2239 663 2296 ιΗιιοοιὶιοοοΡοιιτιιιιιιιο,
677 2237 780 2286 mne·
831 2238 1108 2300 eap.xiil.§4.cteeqq.
1139 2240 1209 2289 J.B.

258 2320 324 2362 metr.
342 2315 453 2374 paseea
467 2327 491 2362 Δ.
520 2314 589 2360 Nihil
605 2314 668 2360 enim
686 2314 717 2359 de
734 2314 780 2359 hoo
877 2313 936 2359 sid
959 2319 1035 2360 tamea
1054 2315 1115 2361 inter
1131 2331 1197 2378 reses
1215 2321 1237 2363 et
1252 2319 1359 2378 populea

255 2391 333 2436 officio
341 2389 524 2436 Atheniensium
534 2394 651 2434 memorat
659 2388 780 2434 Diodorus
831 2388 907 2435 iocum
916 2388 1001 2436 labere
1011 2404 1057 2435 aon
1065 2391 1153 2452 potest]
1173 2392 1282 2439 Mariana
1294 2395 1358 2440 libro

256 2466 358 2521 Siculus,
369 2465 423 2510 Lib.
433 2477 480 2510 xx.
492 2466 603 2523 eap.100.
614 2477 689 2523 quum
699 2469 779 2510 tamen
831 2475 911 2510 xxix.
924 2465 962 2509 15.
992 2462 1097 2510 Bembns
1113 2464 1220 2513 librom.
1237 2467 1358 2529 (solea)

254 2542 307 2586 inse
318 2546 399 2585 narret
408 2540 566 2584 frustraneum
578 2539 658 2585 Rhodi
674 2538 778 2584 obsidio·
833 2537 908 2583 Paces
932 2551 976 2597 per
994 2538 1110 2583 arbitrum
1127 2541 1203 2586 fetas
1220 2541 1294 2586 habea
1311 2543 1357 2588 ell-

255 2631 319 2671 nem,
335 2630 388 2675 qum
404 2616 434 2660 ad
452 2629 533 2675 pacem
550 2616 678 2660 ineundam
688 2616 777 2661 Deme·
831 2628 901 2672 qnam
914 2614 1002 2658 multas
1016 2615 1039 2658 in
1056 2614 1170 2660 Poloniea
1182 2616 1281 2662 historia
1294 2619 1357 2665 Cro·

254 2692 327 2738 trium
338 2692 461 2750 compulit.
491 2691 518 2736 J.
529 2690 559 2736 B.
830 2691 889 2735 meri
906 2690 972 2735 libris
988 2703 1015 2734 x.
1033 2703 1088 2735 avr.
1110 2704 1185 2737 xvrrr.
1203 2706 1260 2738 xxi.
1278 2707 1357 2743 xxiv.

298 2767 414 2813 “Confer
429 2768 481 2812 hele
496 2767 706 2812 Pursrnonrrmr
722 2779 777 2809 nos·
830 2777 918 2810 xxvrr.
936 2777 1033 2809 xxvrrr.
1072 2765 1152 2810 llnbes
1173 2772 1197 2811 et
1218 2768 1242 2811 in
1263 2768 1357 2815 Dentes

254 2849 326 2900 trum,
348 2844 388 2889 De
403 2843 465 2888 Jure
480 2842 541 2887 Nat.
560 2847 582 2887 et
598 2841 665 2887 Gent.
684 2841 738 2886 Lib.
752 2853 779 2888 v.
831 2840 1006 2886 Pontnnilibro
1023 2842 1213 2902 recenterque
1228 2857 1357 2903 noesuprn

255 3091 304 3146 the
318 3091 426 3156 battle;
440 3090 496 3143 and
509 3108 639 3146 reeonrse
653 3098 728 3145 must
743 3090 779 3144 be
794 3089 851 3143 had
866 3088 957 3143 either
969 3094 998 3142 to
1010 3105 1075 3152 war,
1090 3105 1122 3142 or
1134 3095 1163 3143 to
1180 3105 1241 3143 new
1255 3106 1356 3160 agree.

254 3183 355 3230 ments.

312 3263 418 3317 XLVI.
452 3269 465 3316 1
483 3261 524 3315 Oi
532 3260 720 3315 Arbitrations
731 3260 813 3315 there
824 3277 872 3314 arc
884 3267 939 3314 two
947 3259 1039 3324 kinds,
1048 3277 1078 3314 aa
1090 3260 1226 3314 Proculus
1239 3261 1354 3316 tcaehee

254 3366 304 3403 ns:
329 3365 391 3414 one,
402 3350 431 3403 in
440 3347 538 3410 which,
546 3346 669 3400 whether
680 3347 729 3401 the
742 3347 865 3401 decision
880 3347 903 3400 is
914 3348 974 3416 just
985 3363 1018 3401 or
1029 3348 1181 3416 unjust,we
1196 3354 1271 3401 must
1286 3348 1353 3401 sub-

254 3436 307 3491 mit
320 3443 349 3491 to
362 3439 402 3500 it;
424 3434 514 3488 which
525 3435 549 3488 ie
561 3433 610 3487 the
622 3433 692 3497 rulo,
708 3433 746 3488 he
761 3450 832 3504 says,
850 3433 930 3486 when
946 3450 987 3487 we
998 3449 1077 3487 come
1090 3440 1119 3485 to
1131 3432 1300 3488 arbitration
1315 3433 1354 3505 by

255 3524 480 3594 aeompromism
495 3518 623 3584 another,
634 3521 664 3573 in
677 3519 765 3573 which
778 3518 827 3574 tho
839 3525 941 3573 matter
953 3519 976 3572 ie
988 3518 1111 3572 reduced
1123 3524 1153 3572 to
1166 3518 1215 3572 the
1227 3519 1353 3573 decision

255 3610 288 3662 oi
299 3626 316 3661 a
330 3609 384 3661 fair
396 3626 468 3661 man.
507 3607 548 3661 Of
559 3606 615 3660 this
627 3623 668 3660 we
680 3606 750 3660 have
763 3623 800 3659 aa
812 3605 938 3677 example
952 3605 982 3657 in
992 3604 1043 3658 the
1056 3621 1187 3675 response
1202 3605 1235 3658 oi
1245 3605 1352 3658 Celsus.

254 3695 293 3762 1s
305 3712 323 3744 a
333 3695 488 3764 freedmon,
503 3692 540 3746 hc
560 3710 631 3762 says,
645 3694 693 3746 hae
712 3710 802 3746 severa
822 3700 848 3745 to
867 3693 924 3761 pice
939 3709 970 3743 aa
991 3691 1162 3761 mdaydaya’
1179 3690 1353 3746 merbachia

253 3788 352 3830 moster
363 3780 433 3831 shall
444 3780 528 3850 jndpe
542 3779 623 3848 ests,
639 3780 680 3832 the
691 3777 810 3832 moster's
822 3778 935 3831 decisio-n
947 3777 970 3830 ia
982 3787 1027 3830 not
1039 3777 1116 3830 solid
1126 3787 1213 3846 accept
1228 3778 1258 3830 hc
1265 3778 1352 3848 jadus

246 3864 349 3934 fairly.
393 3865 451 3916 But
466 3864 521 3917 this
532 3865 615 3917 modo
630 3864 663 3918 os
675 3865 861 3935 interpreting
875 3880 912 3916 an
928 3861 1003 3927 cath,
1018 3862 1126 3932 though
1141 3862 1164 3916 it
1176 3879 1239 3932 may
1255 3862 1291 3916 be
1309 3864 1353 3916 in-

254 3949 389 4002 troduced
408 3949 445 4018 by
463 3949 512 4001 the
532 3950 643 4002 Roman
661 3949 735 4012 lawe,
750 3950 773 4003 is
793 3957 843 4003 not
864 3950 893 4002 in
907 3957 1070 4019 agreement
1093 3947 1160 4001 with
1180 3947 1229 4002 the
1250 3948 1353 4019 simple

254 4035 384 4103 meaning
397 4034 429 4086 oi
438 4033 487 4086 the
500 4034 597 4088 words.
637 4035 701 4088 Still
713 4036 736 4088 it
748 4035 770 4088 ia
780 4041 843 4088 true
855 4035 916 4089 that
928 4051 964 4087 an
977 4034 1129 4087 arbitrator
1141 4050 1205 4104 may
1217 4034 1253 4088 bc
1264 4034 1352 4087 taken

253 4121 283 4172 in
298 4127 352 4172 two
373 4120 503 4172 different
519 4135 600 4188 ways,
616 4120 706 4174 either
722 4137 752 4174 as
768 4137 786 4173 a
799 4121 937 4174 mediator
954 4119 1029 4190 only,
1047 4137 1077 4173 as
1091 4136 1132 4173 we
1143 4120 1211 4173 read
1227 4119 1290 4173 that
1302 4119 1352 4174 tho

252 4206 406 4260 Atheniens
418 4222 489 4259 were
502 4205 628 4258 between
641 4205 688 4259 tiro
697 4205 841 4259 Rhodiam
854 4205 910 4258 and
918 4207 1095 4270 Demetrium
1107 4222 1140 4259 or
1151 4223 1181 4258 as
1195 4222 1248 4259 one
1258 4205 1352 4260 whose

252 4293 414 4346 decisionis
431 4300 461 4346 to
476 4293 511 4346 bc
528 4291 684 4361 absolutely
699 4291 816 4361 obeyed.
862 4290 927 4345 llnd
942 4291 997 4345 this
1013 4293 1097 4346 latter
1117 4293 1140 4346 is
1162 4291 1211 4346 tho
1232 4291 1300 4345 kind
1321 4291 1355 4345 of

251 4379 342 4434 which
357 4397 398 4434 we
416 4378 484 4435 here
503 4378 598 4453 epeak,
618 4378 674 4431 and
689 4377 723 4432 of
735 4376 826 4432 whieh
841 4395 882 4433 we
896 4377 967 4433 have
982 4377 1096 4449 already
1111 4378 1172 4432 said
1189 4377 1352 4442 somewhat,
