2916 4906
486 34 648 131 ‘NR
744 33 854 111 J

273 194 278 203 .
648 130 743 203 N·

100 264 173 325 (iar.
186 262 257 335 1x.]
482 262 535 319 DE
555 261 819 321 Posunnssmo.
1139 252 1202 315 185

100 427 243 497 serviunt
257 447 299 492 ex
315 422 429 512 populo
444 423 597 504 lederato,
614 422 640 488 si
657 422 784 488 domum
799 420 1001 498 revenissent,
1014 421 1200 537 postliminio

101 527 243 595 redunt
296 524 348 589 Ita
370 523 452 588 enim
473 523 554 587 hanc
576 522 777 607 quaestionem
799 521 946 609 proponit
968 521 1077 588 Cicero
1100 522 1201 608 primo

102 627 143 692 de
158 633 293 690 oratore.
341 621 387 687 Et
410 620 520 687 Gallus
542 620 668 707 quidem
693 619 841 686 AElins
816 641 860 685 ιιι
880 619 945 685 ait:
971 644 1047 687 cum
1066 622 1200 708 populis
1213 644 1339 696 :werse

102 726 215 793 liberis
230 735 261 789 et
282 744 355 787 cum
370 723 546 807 sederatis,
564 732 684 787 etcum
705 721 834 803 sepibus
852 720 1092 805 postliminium
1109 723 1200 787 nodis
1212 692 1328 733 mm

101 836 150 890 est
164 825 217 888 ito
232 822 284 887 uti
300 843 373 886 cum
390 821 543 885 hostibus.
582 818 702 884 Contra
718 818 888 884 Proculus:
908 840 972 883 non
988 820 1100 885 dubito
1117 822 1224 929 quin
1213 838 1364 879 amnem

91 923 245 1008 federati
266 932 296 986 et
322 920 418 985 liberi
440 918 533 985 nodis
557 919 682 984 externi
708 919 797 983 sint:
821 939 885 983 non
908 918 994 983 inter
1018 940 1076 983 noe
1102 886 1270 1026 auquel
1237 886 1319 979 ωἶῦι-
1301 931 1346 971 ct

101 1043 156 1089 eos
173 1019 416 1107 postliminium
435 1039 508 1083 esee

178 1121 200 1184 3
232 1120 303 1206 Ego
329 1116 465 1182 arbitror
490 1113 742 1204 distinguendum
766 1113 852 1182 inter
874 1114 991 1191 federa,
1019 1123 1055 1182 nt
1081 1114 1109 1181 si
1137 1137 1201 1202 qua

101 1225 206 1285 emcnt
231 1238 302 1304 qnae
329 1213 402 1280 belli
427 1215 582 1280 duntaxat
609 1214 724 1301 publici
753 1214 955 1301 componendi
982 1222 1038 1281 aut
1069 1214 1200 1281 cavendi

101 1338 197 1384 causa
212 1322 316 1381 essent
337 1313 423 1390 inita,
442 1335 480 1379 ea
503 1334 560 1379 nec
581 1312 755 1399 captivitati
777 1313 809 1378 in
834 1321 1002 1399 posterum,
1020 1336 1077 1380 nec
1093 1313 1200 1400 postli-

101 1415 196 1483 minio
209 1415 388 1481 obstarent:
405 1411 479 1478 atsi
493 1433 556 1498 qua
572 1411 604 1477 id
621 1412 816 1478 continerent
830 1422 866 1478 ut
881 1413 942 1479 tuti
958 1423 1062 1480 essent
1076 1412 1199 1499 publico

101 1514 235 1591 nomine,
252 1513 306 1600 qni
322 1512 364 1579 ab
380 1511 429 1577 his
447 1510 490 1577 ad
511 1511 580 1577 illos
602 1510 769 1588 venissent,
785 1519 822 1578 nt
842 1520 916 1578 tnnc
932 1512 1112 1600 captivitate
1127 1513 1199 1578 sub·

101 1615 168 1682 leta
184 1621 320 1679 cessaret
344 1620 377 1679 et
394 1609 625 1698 postliminium.
672 1611 715 1675 Et
734 1611 793 1677 hoc
816 1610 891 1676 mibi
914 1611 1051 1678 indicare
1075 1611 1200 1678 videtur

102 1712 298 1800 Pomponius,
314 1733 383 1777 oum
407 1709 469 1776 ait.
494 1712 526 1776 si
546 1732 619 1776 cum
639 1722 732 1795 pente
754 1712 874 1797 aliquo
889 1733 989 1798 neque
1004 1713 1198 1789 amicitiam,
1213 1725 1256 1820 ¹²„
1249 1725 1263 1763 τ
1271 1724 1340 1808 nont

100 1835 201 1899 neque
217 1813 407 1897 hospitium,
423 1831 523 1895 neque
535 1811 640 1894 sedus
661 1811 819 1875 amicitie
835 1832 939 1877 ιαιιιι
953 1813 1089 1897 scotum
1104 1772 1256 1877 butem

101 1913 361 1993 munditenens
382 1910 512 1995 quidem
531 1930 596 1973 non
619 1919 716 1974 sunt:
740 1910 825 1990 quod
845 1921 953 1975 autem
973 1932 1012 1975 ιι
1027 1923 1136 1976 nostro
1153 1912 1201 1975 cd

100 2034 154 2079 ιιι
166 2012 322 2097 peruenit,
340 2009 473 2074 illesum
486 2008 541 2092 fit,
566 2018 597 2072 et
619 2008 700 2072 liber
724 2008 816 2072 tomo
839 2020 947 2075 noster
963 2012 1004 2073 ot
1022 2012 1069 2076 eis
1083 2022 1201 2095 coptus

101 2132 212 2177 servus
220 2113 263 2194 fit
279 2120 310 2175 et
330 2130 460 2173 eorum:
485 2108 631 2188 idemque
656 2117 703 2171 est
726 2108 758 2171 si
778 2108 821 2171 ob
841 2108 911 2173 illes
932 2111 978 2173 ad
993 2131 1052 2174 noe
1068 2110 1200 2196 aliquid

95 2211 293 2298 perueniat:
317 2210 377 2272 boc
397 2227 520 2291 quoque
543 2206 649 2289 ipitur
663 2226 743 2271 casu
753 2206 995 2290 postliminium
1010 2209 1126 2273 dotum
1142 2221 1198 2273 est.

103 2309 184 2374 cnm
211 2306 291 2373 dixit
317 2305 408 2371 fedus
432 2301 574 2369 amicitie
600 2324 702 2379 causa,
725 2303 860 2369 ostendit
884 2313 918 2370 et
941 2304 1003 2370 alia
1022 2327 1090 2370 esse
1109 2327 1200 2392 posse

102 2406 219 2483 federa,
242 2405 354 2492 quibus
378 2424 435 2468 nec
457 2400 583 2488 hospitii
607 2423 665 2466 nso
686 2401 829 2467 amicitiae
846 2401 899 2488 jus
921 2402 1003 2469 insit.
1050 2402 1199 2469 Proculus

102 2526 225 2592 quoque
241 2526 294 2571 ιιι
312 2525 333 2570 a
354 2524 388 2569 se
408 2501 537 2589 populos
556 2499 716 2567 federatos
732 2500 873 2589 intelligi,
892 2501 946 2588 qui
961 2501 1127 2568 amicitiam
1144 2511 1200 2570 ant

154 2782 172 2831 2
201 2776 230 2831 It
253 2792 372 2848 appears
394 2776 530 2850 formerly
550 2782 581 2833 to
602 2777 675 2833 have
701 2777 773 2833 been
796 2794 814 2832 a
834 2782 939 2833 matter
964 2776 998 2831 of
1021 2782 1202 2849 controversy

104 2861 228 2917 whether
241 2861 322 2917 those
336 2864 475 2919 member:
487 2864 520 2919 of
531 2881 550 2919 a
563 2864 673 2936 people,
687 2864 773 2918 allied
787 2872 818 2918 to
829 2862 940 2929 us,vho
952 2879 1001 2918 are
1009 2862 1098 2918 slaves
1109 2864 1137 2916 in
1148 2880 1200 2918 our

103 2954 230 3020 country,
248 2946 294 3013 do,
315 2948 341 3002 if
358 2948 426 3021 tbey
448 2955 547 3005 return
563 2950 655 3015 boms,
672 2957 771 3005 return
791 2950 829 3021 by
845 2949 1057 3021 postliminium.
1093 2949 1151 3004 For
1168 2965 1200 3004 so

103 3034 202 3089 Cicero
216 3049 349 3106 proposes
363 3034 420 3090 this
440 3037 587 3107 question:
605 3035 661 3090 and
677 3036 775 3091 Gallus
786 3036 877 3091 AElins
892 3052 962 3108 says,
978 3035 1040 3089 that
1054 3034 1122 3089 with
1138 3034 1200 3090 free

102 3120 158 3174 and
167 3119 234 3173 with
249 3119 334 3174 allied
348 3121 460 3192 peopls,
474 3122 529 3176 and
542 3121 610 3176 with
623 3122 713 3193 kings,
725 3139 767 3177 ιιι
781 3121 852 3177 have
863 3121 1073 3194 postliminium,
1087 3137 1118 3176 ss
1132 3120 1200 3177 with

103 3206 234 3261 enemies.
271 3205 317 3260 On
331 3205 380 3261 tho
392 3206 474 3262 other
488 3207 572 3272 hand,
586 3208 724 3262 Proculus
735 3224 806 3280 says,
825 3207 888 3263 that
894 3208 1019 3280 seducte
1033 3209 1138 3280 peoples
1152 3224 1200 3261 ors

102 3293 211 3357 murat,
222 3292 280 3347 ond
290 3293 348 3346 stet
360 3293 429 3347 :urs
440 3293 463 3346 is
474 3302 520 3347 not
528 3294 726 3363 postliminium
736 3295 800 3348 utin
812 3295 887 3348 inm.

153 3383 170 3433 ³
193 3377 209 3431 Ι
226 3379 359 3433 conceive
380 3378 443 3433 that
463 3395 481 3432 ι
498 3378 660 3433 distinction
677 3385 753 3433 must
770 3379 806 3435 be
828 3380 913 3435 taken
927 3379 1054 3433 between
1069 3378 1200 3433 different

102 3462 215 3533 leugues
231 3463 266 3519 of
279 3463 405 3518 alliance.
444 3463 475 3518 1f
491 3464 570 3519 thess
583 3480 656 3519 vvere
668 3465 783 3520 entered
799 3465 859 3520 into
874 3464 980 3535 merely
999 3463 1045 3518 for
1064 3463 1113 3518 tho
1132 3480 1198 3535 pnr-

101 3564 170 3620 posc
189 3549 223 3604 of
238 3549 353 3620 settling
371 3566 404 3605 or
418 3550 585 3621 preventing
596 3567 614 3604 ι
627 3550 722 3621 publio
737 3567 802 3614 var,
817 3549 897 3605 these
911 3549 1003 3604 would
1017 3555 1068 3604 not
1082 3555 1201 3621 prevent

103 3633 193 3689 either
207 3636 342 3708 captivity
353 3651 386 3689 or
397 3635 616 3707 postliminium:
636 3636 688 3691 but
707 3635 733 3689 if
750 3635 800 3690 the
817 3635 930 3707 leugues
942 3636 1091 3691 contained
1104 3653 1122 3690 ι
1135 3652 1200 3708 pro-

101 3720 191 3776 vision
206 3721 269 3777 that
285 3721 367 3776 those
380 3721 443 3776 who
461 3738 540 3777 came
557 3722 632 3776 from
647 3738 701 3777 one
720 3728 803 3792 party
822 3728 853 3776 to
874 3721 923 3777 the
942 3720 1025 3776 other
1044 3721 1144 3776 should
1163 3721 1201 3777 bo

101 3807 162 3863 sale
178 3823 216 3863 on
238 3807 288 3862 the
306 3807 402 3879 public
416 3808 547 3879 security,
564 3807 642 3873 then,
657 3807 792 3879 eaptivity
805 3806 891 3876 being
909 3805 1050 3872 removed,
1064 3808 1201 3878 postlimi.

101 3894 180 3946 nium
195 3893 286 3948 would
301 3910 381 3948 cesse
395 3894 463 3947 also.
502 3894 540 3947 So
555 3893 744 3964 Pomponius:
767 3893 805 3963 Is
813 3910 851 3947 soe
863 3893 936 3955 tuoe,
951 3893 1015 3947 uult
1026 3911 1083 3965 any
1096 3896 1200 3958 motion,

101 3978 201 4033 nette
212 3980 380 4050 srimdstip,
391 3979 553 4050 hospitality,
564 3997 617 4032 nor
631 3980 721 4050 kapite
732 3981 766 4052 os
774 3979 940 4050 srimdsliip,
953 3980 1018 4034 these
1028 3997 1077 4034 ore
1087 3990 1134 4034 not
1145 3997 1203 4037 mc·

102 4064 184 4125 misr:
203 4065 249 4119 but
264 4066 297 4136 is
312 4065 444 4136 onyttinp
457 4066 493 4138 os
504 4082 568 4119 our-r
581 4081 640 4136 poce
654 4073 681 4118 to
693 4066 761 4118 them
774 4066 796 4118 it
808 4067 918 4119 bremme
932 4066 1030 4126 tteirr:
1048 4068 1107 4119 ond
1116 4068 1202 4140 ofres

101 4167 168 4203 mun
179 4152 217 4221 os
224 4167 297 4212 curs,
309 4151 388 4205 mode
401 4150 503 4222 captive
515 4151 592 4213 lbere,
604 4151 627 4204 ie
638 4150 705 4204 their
718 4150 789 4204 slave
796 4171 808 4212 ‚-
826 4153 884 4205 ond
899 4168 928 4206 so
934 4152 1016 4222 srom
1032 4153 1100 4206 them
1115 4162 1141 4207 to
1157 4170 1198 4208 ιιι.

102 4234 139 4288 In
147 4236 198 4290 stis
206 4254 273 4299 cose,
282 4237 351 4301 then,
357 4236 552 4308 postliminium
561 4236 646 4291 ιιίιιι.
669 4237 711 4307 By
720 4237 818 4309 saying
827 4237 865 4291 “a
873 4236 973 4308 longus
983 4237 1202 4309 cfiriendsbip,''

102 4319 139 4374 he
152 4319 241 4376 sbsws
256 4321 319 4376 that
333 4322 413 4378 thore
425 4339 490 4393 may
502 4321 538 4377 be
550 4321 633 4378 other
642 4322 762 4393 leaguos,
771 4322 861 4377 which
873 4322 910 4376 do
924 4328 976 4377 not
986 4323 1049 4393 give
1061 4322 1111 4377 the
1124 4324 1201 4393 right

94 4405 136 4465 ,oi
147 4407 311 4480 hospitality
325 4423 359 4463 or
369 4407 533 4479 friendsbip.
580 4408 619 4462 So
634 4408 771 4463 Proculus
785 4407 951 4479 sufficiently
962 4408 1072 4478 implico
1087 4406 1150 4463 that
1163 4408 1201 4465 hs
