2916 4906
263 195 327 259 242
392 201 746 260 TEMPERAMENTUM
769 204 882 260 omos
903 202 1180 260 VASTATIONEM
1223 202 1361 274 [imm.

262 367 430 458 religionis.
473 368 542 433 Imo
564 378 597 436 et
619 368 793 434 hominibus
814 369 854 435 ob
880 368 995 457 templs
1015 367 1101 456 parci
1122 368 1255 446 solitum,
1278 370 1360 458 qnod

263 470 316 552 (ne
337 469 537 555 profanarum
560 468 707 558 gentium,
730 489 800 555 qum
820 468 918 535 multa
940 478 1012 535 suut
1033 468 1187 556 exempla,
1209 469 1360 548 adieram,

98 586 158 627 oron
167 588 248 633 nem.
263 567 378 656 quippe
401 591 471 634 eum
497 590 615 634 morem
637 568 720 633 huno
740 563 829 636 roscii
845 572 912 636 τῶν
925 564 1096 651 Ἑλλήνων
1117 564 1234 648 νόμιμα
1258 570 1361 656 Scrip-

97 679 247 722 L¹b·tdecr·v·
262 676 346 733 tores
363 671 485 753 vocent)
501 667 563 732 ¹¹¹in
579 667 690 734 Gothis
707 669 816 733 Romse
833 668 1009 756 captoribus
1026 668 1069 734 eie
1086 668 1194 735 hudat
1211 669 1361 758 Augusti·

98 728 196 777 tirtel.

261 789 337 833 nuez
354 771 536 834 ¹²testantur
553 769 611 833 hoc
627 779 811 852 martyrum
828 769 899 834 loca
915 781 946 836 et
962 770 1107 835 basilica
1124 769 1360 856 Apostolorum,

261 889 336 954 quoe
351 870 389 933 in
405 869 468 934 illa
485 869 667 934 vastatione
678 868 779 933 uictos
795 869 842 933 ad
856 890 890 934 se
902 870 1118 955 consapientes
1134 890 1208 935 saeos
1224 870 1361 935 aliersos·

260 989 319 1054 que
343 980 548 1054 receperunt:
574 969 735 1052 bucusque
760 978 913 1034 cruentus
936 970 1087 1035 sapiebat
1111 969 1288 1035 inimicus:
1312 970 1363 1035 ibi

260 1069 443 1153 accipiebat
466 1069 601 1132 limitem
625 1067 857 1132 trucidationis
870 1068 998 1152 fieren:
1030 1069 1089 1134 ille
1113 1070 1313 1134 ducebantur
1338 1092 1363 1135 a

260 1168 490 1233 miserantibus
514 1168 666 1242 hostibus,
690 1167 810 1252 quibus
839 1167 985 1250 (⁰malinr,
1008 1169 1073 1254 qui,
1100 1189 1173 1232 nam
1198 1167 1362 1257 distinguit

259 1264 397 1331 mitiores
412 1286 432 1330 a
449 1264 638 1349 durioribus)
653 1266 753 1330 etiam
776 1273 870 1332 eutra
890 1268 966 1352 ipso
992 1269 1064 1333 loca
1075 1279 1299 1353 pepercerant,
1322 1291 1362 1334 ne

259 1365 297 1429 in
313 1386 364 1431 eos
380 1366 591 1440 incurrerent,
608 1366 668 1451 qui
683 1366 820 1431 similem
836 1368 1095 1432 misericordiam
1109 1389 1173 1432 non
1188 1367 1361 1434 haberent:

260 1465 320 1549 qui
334 1476 441 1531 tamen
454 1465 554 1529 etiam
565 1466 633 1550 ipsi
643 1464 728 1529 olibi
740 1476 845 1531 truces
859 1477 957 1552 atquc
968 1467 1081 1532 hostili
1094 1489 1181 1533 more
1197 1468 1362 1533 scaenae

260 1565 495 1650 pposteaquam
515 1566 560 1629 ad
578 1565 647 1630 mco
662 1564 726 1628 illa
745 1565 923 1643 ueniebant,
946 1566 1005 1630 ubi
1015 1567 1134 1650 fuerat
1149 1567 1362 1632 interdictum

261 1664 348 1749 quod
366 1665 451 1728 alibi
467 1663 545 1747 jure
568 1664 644 1729 belli
669 1664 822 1741 licuisset,
848 1676 917 1730 tota
939 1666 1093 1731 serviendi
1112 1667 1362 1749 refroenabatur

260 1764 461 1840 immanitas,
480 1776 511 1830 et
527 1765 722 1849 captivandi
738 1764 909 1849 cupiditas
915 1765 1150 1849 franpebatur.

330 1863 406 1929 Vll.
445 1866 463 1928 1
499 1862 592 1941 Quod
609 1861 648 1928 de
660 1861 756 1928 sacris
772 1862 846 1939 dixi,
864 1862 947 1929 idem
963 1864 1004 1929 de
1018 1862 1170 1952 religiosis
1185 1861 1361 1953 intelligen-

259 1961 334 2028 dum
355 1971 413 2038 est,
440 1961 533 2028 etiam
558 1962 598 2027 de
622 1961 670 2039 iis,
696 1982 767 2048 quae
791 1961 824 2026 in
849 1962 999 2028 honorem
1024 1972 1216 2029 mortuorum
1240 1970 1361 2029 structa

259 2068 351 2127 sunt:
374 2082 447 2126 nam
464 2070 497 2127 et
513 2061 589 2138 heco,
608 2081 786 2146 quanquam
797 2059 852 2147 jus
867 2060 1007 2150 gentium
1023 2060 1238 2150 impunitatem
1255 2061 1312 2127 irae
1328 2061 1362 2148 in

258 2158 319 2225 ista
343 2159 524 2227 exercendae
550 2158 700 2248 indulget,
730 2159 839 2226 violari
866 2182 929 2225 non
958 2169 1085 2249 possunt
1115 2161 1174 2227 nisi
1203 2168 1361 2227 contemta

155 2297 194 2353 '.'
259 2259 459 2328 humanitate.
512 2260 671 2327 Summam
688 2279 755 2325 esse
778 2259 930 2327 rationem
943 2260 1033 2328 aiunt
1050 2259 1271 2348 jurisconsulti,
1290 2281 1361 2349 qum

304 2444 323 2471 ¹³
338 2436 368 2483 In
378 2435 473 2484 Geniis
480 2436 564 2483 Roma
573 2432 721 2496 captoribus]
736 2433 786 2481 Sub
834 2434 894 2482 nisis
905 2435 1025 2482 Gotthicis
1035 2434 1098 2483 AEra
1107 2446 1259 2482 conexum.

260 2511 358 2559 Alarico
374 2511 483 2558 Ariane:
504 2512 571 2571 cnjus
591 2514 617 2557 et
634 2511 679 2555 hoc
694 2510 786 2555 iscium
879 2509 1002 2568 suatim,
1019 2508 1072 2570 qai]
1099 2509 1205 2557 Omnino
1224 2509 1259 2555 sic
1278 2508 1362 2570 legen·

260 2587 414 2633 memorabile
428 2587 492 2645 apud
506 2586 674 2632 Cassiodornm
686 2596 735 2631 xrr.
748 2585 786 2630 hi).
835 2583 893 2630 dum
911 2585 1016 2631 ostendit
1036 2583 1144 2643 Orosius,
1165 2583 1265 2629 eandem
1286 2583 1362 2630 histo.

260 2662 314 2708 Res
324 2661 455 2707 Alaricbus
466 2660 570 2720 apostoli
579 2659 649 2705 Petri
664 2672 724 2705 rasa
736 2658 787 2703 suis
835 2659 895 2704 riam
915 2660 1021 2705 reterens
1040 2659 1093 2704 Lib.
1105 2670 1152 2703 vu.
1172 2671 1193 2703 c.
1206 2660 1243 2704 28.
1284 2657 1362 2719 [Nihil

261 2736 619 2796 dej‘erentibuscumesccpisset‚
636 2748 697 2789 mos,
713 2731 787 2778 utrci
836 2738 931 2780 mutant
957 2739 1037 2780 tamen
1063 2731 1178 2792 postremi
1203 2732 1323 2790 Editores‚
1348 2746 1362 2778 e

261 2825 357 2857 causam
373 2811 457 2857 habita
472 2810 656 2870 interropatione
672 2808 787 2868 copnooit,
835 2805 926 2851 familia
949 2805 1122 2851 Menaenorum
1143 2803 1361 2850 Benedictinorusn.

261 2887 339 2932 samis
356 2885 475 2931 liminibus
488 2883 611 2943 deportari
626 2882 788 2941 diripientium
836 2878 921 2939 J.B.]

261 2960 368 3006 manibus
388 2958 522 3018 imperauit,
549 2962 575 3003 ut
598 2957 718 3016 cupiditas
737 2970 787 3015 quc
881 2964 893 2998 ν
914 2956 1075 3015 Posteaquam
1094 2952 1129 2999 ad
1147 2953 1201 3000 loco
1220 2953 1267 3000 illa
1286 2954 1360 3000 omic-

261 3033 445 3094 deproedotionis
460 3032 548 3078 ammte
564 3030 693 3076 admiserat
706 3031 788 3087 scelus,
837 3025 904 3087 barat]
940 3026 1037 3072 Eisdem
1061 3025 1225 3084 apostolorum
1257 3024 1361 3070 basilicis

261 3110 381 3155 deuotione
390 3107 527 3167 turpissima
537 3106 623 3152 deleret
632 3117 756 3151 memsam.
839 3100 927 3148 Gotthi
944 3101 988 3145 sub
1005 3099 1088 3158 vitige
1104 3099 1207 3144 Romam
1225 3099 1361 3145 obsidentes

305 3192 317 3216 ⁰
336 3178 725 3239 Testanturbocmariynsmlocal
737 3179 787 3224 Ex·
837 3179 1004 3236 pepercerunt,
1024 3178 1087 3220 teste
1100 3174 1218 3233 Procopio
1238 3174 1359 3221 Gottbico·

261 3260 356 3321 scripsit
370 3260 433 3305 hunc
447 3259 526 3305 locum
543 3255 649 3301 Isidorus
669 3254 694 3299 in
710 3253 787 3300 Chro-
836 3265 889 3298 rum
899 3263 927 3297 11.
939 3251 1001 3310 (cap.
1012 3250 1046 3309 4.)
1070 3249 1151 3296 Etiam
1160 3249 1267 3296 barbaris
1277 3254 1302 3297 et
1312 3261 1360 3295 uon

262 3511 312 3565 the
332 3509 468 3580 temptem
485 3508 570 3578 being
590 3505 622 3562 oi
642 3506 691 3561 the
706 3521 782 3560 same
799 3504 919 3574 religion
938 3519 968 3557 aa
986 3500 1035 3558 the
1054 3500 1171 3568 Greeks,
1182 3502 1275 3556 whom
1292 3502 1361 3575 they

262 3595 430 3666 conquered.
465 3594 530 3648 And
541 3610 612 3649 eren
626 3609 691 3648 men
707 3607 779 3647 were
794 3589 952 3661 commonly
965 3588 1068 3659 spared
1082 3605 1120 3643 on
1134 3594 1254 3644 account
1266 3591 1299 3644 of
1310 3589 1360 3644 the

261 3681 390 3752 temples,
409 3696 440 3734 as
462 3677 526 3746 (not
542 3686 572 3734 to
594 3679 703 3733 adduce
719 3677 859 3749 exemplos
874 3676 907 3730 oi
921 3673 1044 3730 heathen
1064 3674 1184 3739 natione,
1203 3674 1294 3729 which
1311 3690 1360 3729 are

262 3783 420 3830 numerous,
446 3765 590 3819 inasmuch
616 3782 647 3820 as
673 3765 780 3819 writers
806 3763 861 3818 call
881 3762 937 3817 this
960 3762 1000 3816 the
1021 3778 1142 3815 common
1162 3778 1243 3830 usaps
1265 3763 1301 3834 os
1320 3762 1360 3815 the

264 3850 383 3917 Greeks)
405 3852 444 3922 by
470 3851 519 3905 the
544 3850 642 3916 (iotha,
666 3850 747 3904 when
776 3849 843 3922 they
864 3848 934 3904 took
959 3848 1068 3912 Rome;
1090 3846 1180 3901 which
1203 3848 1361 3917 Augustino

260 3953 375 4010 premes.

314 4023 380 4076 VII.
419 4027 432 4074 1
456 4021 541 4076 What
555 4020 690 4076 hasbeen
704 4021 764 4076 said
778 4021 811 4076 of
821 4021 918 4076 sacred
935 4020 1036 4092 places,
1047 4035 1113 4090 may
1122 4017 1159 4073 be
1173 4018 1288 4090 applied
1300 4017 1359 4072 aleo

261 4113 291 4163 to
303 4107 510 4178 herici-places,
522 4106 577 4161 and
593 4114 622 4160 to
637 4107 686 4162 the
697 4113 875 4161 monuments
888 4106 921 4160 of
932 4106 1078 4161 thedoad:
1098 4105 1144 4159 for
1155 4104 1243 4167 these,
1251 4103 1360 4174 though

261 4194 311 4250 the
330 4196 396 4248 Law
411 4194 445 4247 of
456 4194 574 4248 Natious
590 4192 683 4247 allows
698 4192 786 4246 wrath
803 4200 833 4247 to
849 4193 885 4246 do
901 4193 936 4247 its
950 4192 1027 4247 work
1038 4208 1075 4245 on
1090 4190 1169 4246 them
1185 4191 1252 4244 with
1267 4191 1359 4260 impu·

261 4283 331 4352 nity,
345 4285 449 4335 cannot
468 4279 504 4336 be
519 4278 639 4334 violatcd
658 4279 775 4333 without
789 4279 940 4350 trampling
955 4295 992 4333 on
1003 4277 1158 4348 humanity.
1193 4277 1212 4330 J
1214 4277 1296 4330 urists
1310 4288 1360 4346 say

261 4367 325 4423 that
344 4367 406 4423 that
421 4368 444 4422 is
459 4366 508 4422 tho
522 4365 634 4437 highest
649 4365 770 4431 Reseon,
784 4363 873 4419 which
888 4365 911 4419 is
925 4381 962 4419 on
976 4364 1026 4420 the
1036 4363 1097 4419 side
1112 4362 1145 4417 of
1153 4362 1280 4433 religion.
1321 4361 1359 4415 So
