2916 4906
225 46 296 69 ἄρ’,
304 38 336 47 ..-

107 66 218 105 ss

102 262 171 319 Gur.
186 260 280 331 xla]
325 262 680 319 TEMPERAMENTUM
702 261 994 321 omousianos,
1141 254 1202 317 261

100 429 311 520 Augustinus:
337 432 527 496 Domestica
543 451 618 514 pan
640 451 663 494 a
680 429 784 514 itastis
798 432 956 515 patribus
978 431 1031 495 ito
1052 430 1130 495 olim
1148 431 1207 494 ad
1220 444 1358 533 &plagate

101 533 294 595 ministrata
316 541 372 603 est,
399 540 436 593 ut
453 531 631 594 secundum
651 530 719 594 bac
740 531 935 614 temporalia
958 530 1041 595 bona
1060 530 1207 612 filiorum
1220 524 1283 580 αἱδί
1334 521 1341 540 ’

100 641 218 696 sortem
230 651 254 692 a
269 649 433 693 ιονιιονιιοι
448 629 634 692 corsditione
649 629 897 713 distinquerent,
912 631 960 693 ad
975 631 1083 695 Deam
1098 641 1206 694 cutem

100 730 268 794 colendum
290 727 440 792 omnibus
460 728 574 792 domus
590 749 657 792 sua
676 729 827 792 membois
842 730 927 812 pari
943 729 1114 794 dilectione
1135 749 1208 793 eon·

101 829 264 893 amens.-
295 828 381 909 qaod
415 827 583 891 naturalis
613 827 692 890 ordo
721 829 771 890 ita
796 828 996 911 prescribit,
1025 839 1063 892 ut
1094 848 1207 892 nomen

97 926 364 1012 patrisfamilias
388 925 468 989 hinc
488 936 634 990 emortum
655 926 707 1001 eit,
731 937 851 990 ettam
875 927 941 992 late
960 927 1141 1011 cubatum,
1167 937 1207 991 at

101 1027 218 1110 inique
240 1026 339 1089 etiam
361 1024 566 1090 dominantes
589 1025 649 1088 Ιιοο
670 1045 703 1090 se
720 1026 889 1110 pendeant
912 1027 1087 1112 appellari.
1142 1025 1207 1100 Qui

104 1136 213 1189 autem
238 1125 309 1188 oeni
330 1122 598 1206 patreffamilim
622 1135 707 1199 sunt,
737 1125 886 1190 omnibus
912 1125 949 1188 in
963 1123 1109 1209 familia
1134 1144 1206 1201 saa,

105 1234 266 1308 tanquam
271 1223 365 1305 filiis,
379 1222 426 1286 ad
436 1221 605 1286 colendum
614 1233 644 1286 et
646 1224 900 1307 promerendum
908 1223 1015 1288 Deum
1025 1223 1206 1288 conseslnnt.

181 1323 203 1384 3
234 1319 370 1385 Similem
386 1318 533 1407 pietatem
549 1319 583 1383 in
599 1341 674 1385 voce
696 1341 873 1407 puerorum,
891 1341 954 1407 qua
968 1341 1075 1386 seruos
1088 1318 1205 1408 signifi·

103 1418 226 1496 cabant,
255 1417 419 1484 annotavit
444 1415 575 1484 Seruius
599 1419 658 1485 ⁴ad
684 1418 761 1485 illud
783 1419 941 1486 Maronis:
969 1420 1113 1485 claudite
1130 1419 1205 1504 jam

103 1521 201 1594 rivae,
235 1520 353 1602 paesi5
388 1538 446 1583 nee
479 1515 626 1584 dissimile
659 1518 742 1604 quod
778 1516 977 1584 Heracleote
1008 1539 1116 1584 servos
1149 1534 1224 1588 suos

103 1616 330 1703 Mariandynus
355 1608 604 1710 111δωροφόρους,
629 1616 662 1682 id
687 1625 745 1693 est,
768 1619 969 1694 donatasioa
995 1616 1205 1704 appellabant,

103 1712 320 1809 ἀφαιροῦντες
343 1711 387 1782 το
408 1715 523 1807 πικρὸν
545 1717 606 1796 τῆς
629 1718 870 1808 προσηγορίας,
889 1728 1063 1802 parcentes
1082 1718 1206 1782 cembi-

105 1817 170 1880 tati
185 1817 335 1889 nominis‚
351 1821 388 1878 ut
403 1814 444 1878 ad
461 1812 704 1901 Aristophanem
722 1823 811 1879 uetus
832 1815 987 1902 interpres
1008 1814 1205 1881 Callistratus

103 1912 242 1979 notabat.
295 1912 418 1978 Laudat
449 1911 621 1977 Germanos
648 1911 783 1989 Tacitus,
809 1913 919 2000 quibus
945 1913 1027 1979 servi
1055 1921 1204 1999 tanquam
1221 1939 1351 1978 consess

103 2011 203 2078 coloni
227 2011 434 2077 habebantur.
485 2011 615 2076 Theano
643 2009 675 2076 in
702 2011 849 2098 epistula:
881 2004 986 2080 δικαία
1009 2016 1128 2105 χρῆσις
1151 2011 1204 2078 ἵνα
1218 2037 1366 2086 usseris.

103 2107 192 2193 μήτε
210 2104 260 2180 lei
279 2109 337 2178 τόν
349 2107 453 2179 κόπον
467 2103 622 2187 κάμνωσι,
639 2106 724 2192 μήτε
735 2102 916 2179 ἀδυνατῶσι
930 2104 982 2179 lesi
994 2110 1057 2192 τὴν
1073 2104 1204 2179 ἔνδειαν·
1219 2084 1369 2178 gfficffl

97 2213 209 2297 justas
224 2213 464 2295 mancipiorum
478 2211 533 2274 Ῑιιό
549 2223 595 2276 est
607 2233 693 2287 usus,
711 2221 749 2275 at
761 2232 820 2276 nec
830 2233 906 2296 pra
924 2212 1032 2277 labore
1044 2212 1205 2294 deficiant,

106 2332 167 2376 nec
179 2332 240 2394 per
257 2321 426 2393 epeetatem
443 2311 588 2394 impares
603 2311 673 2375 sint
680 2312 828 2395 secedo.

178 2408 236 2473 Vl.
277 2409 297 2471 1
331 2407 394 2471 Ριο
416 2429 512 2495 opera
529 2416 565 2473 ut
588 2406 721 2473 diximus
744 2407 914 2472 nalimenta
930 2428 1021 2472 servo
1044 2405 1206 2473 debentur.

104 2511 230 2583 Sene,
253 2504 298 2572 ait
319 2505 437 2592 Cicero,
457 2529 522 2572 non
538 2507 623 2574 male
639 2510 844 2594 precipiunt
861 2509 919 2593 qni
942 2509 993 2571 ita
1010 2507 1128 2591 jubent
1143 2511 1206 2585 nti,
1221 2526 1370 2578 aseneum

104 2682 215 2743 gostinus
232 2683 262 2729 de
275 2681 387 2729 Moribus
400 2680 516 2729 Ecclesia
532 2679 632 2730 Cattel-
680 2681 744 2727 hunc
761 2694 865 2734 versum,
882 2680 924 2740 qui
943 2684 980 2727 est
995 2681 1094 2728 ultimus
1109 2681 1208 2742 Eclogss

104 2757 225 2804 ieoeseo.
258 2757 295 2803 tu
310 2757 412 2803 ἀοοιίιιίι
426 2770 505 2804 servos
521 2769 568 2801 non
583 2761 633 2802 tan
680 2768 722 2802 ιιι.
752 2755 806 2801 Ηοο
825 2759 920 2801 tantum
940 2755 997 2801 alibi
1019 2755 1091 2816 lego:
1123 2756 1209 2803 Utrum

104 2831 245 2878 emsdiaonis
254 2829 632 2892 meantatequassafflciidelsc·
680 2845 736 2892 ονοο
752 2835 819 2878 atate
835 2842 944 2888 russos,
961 2845 994 2877 nn
1010 2836 1037 2877 ut
1052 2831 1172 2878 minimos
1186 2837 1209 2880 et

104 2906 194 2953 tatione
212 2906 281 2952 doces
300 2905 427 2952 dieras.
471 2906 507 2951 ile
527 2904 633 2951 dominos
673 2905 816 2965 familiares
831 2907 933 2952 selenas
944 2907 1094 2953 manenter
1106 2919 1208 2954 russos

103 2981 186 3038 mab,
198 2981 282 3026 ιιιιιιοιι·
293 2980 576 3026 Deiseilieeteonncnis
589 2980 632 3026 do-
680 2978 785 3027 vocare!
816 2982 846 3026 ln
857 2980 941 3041 Eulog.
953 2982 1106 3028 u1.rers.14.
1136 2980 1165 3027 J.
1174 2981 1207 3030 B.

104 3055 163 3101 enini
180 3054 373 3112 ecnsidmotione,
393 3053 534 3114 ρὶοιαὸίια,
557 3060 580 3102 et
598 3055 634 3101 ad
726 3066 745 3090 ¹²²
760 3054 925 3115 Δωροφόρονι
937 3055 1102 3117 appellebant]
1117 3056 1209 3103 Athen·

106 3129 268 3176 mnsuiendum
281 3143 354 3190 quarn
366 3129 400 3175 ad
411 3129 560 3175 ιοιιιειιάιιιιι
571 3144 631 3190 pro-
681 3143 730 3176 oeus
741 3142 776 3175 vs.
787 3131 824 3175 18.

103 3205 310 3265 pernicressaeis.
342 3203 412 3249 Adde
427 3204 545 3250 Isidorum
560 3205 631 3251 Palu·
726 3211 738 3236 ¹¹
762 3203 881 3250 Alimenta
907 3217 973 3251 servo
993 3201 1116 3265 ιὶώιιιιιιν]
1142 3205 1206 3252 stra-

105 3280 190 3326 siolnm
212 3279 268 3327 Lib.
291 3292 309 3324 1.
330 3279 433 3339 epistola
453 3280 506 3326 471.
538 3280 632 3341 Repete
681 3278 762 3325 chldes
779 3291 880 3326 xxxin.
895 3281 933 3326 25.
953 3279 1031 3339 ἄρτος
1046 3279 1087 3325 secl
1105 3280 1208 3326 resecta

104 3368 160 3415 quse
169 3355 281 3402 medoen
291 3354 373 3401 Prisco
383 3355 513 3414 posuimus.
681 3352 723 3398 eat
734 3351 797 3413 ἔργα
808 3353 903 3414 οἰκέτῃ·
918 3354 998 3401 Panis
1012 3357 1035 3399 et
1046 3353 1174 3413 disciplina
1186 3357 1209 3405 ct

150 3427 162 3456 ⁴
177 3428 244 3475 Nihil
253 3428 302 3476 tale
316 3429 385 3475 rideo
400 3428 466 3488 apud
477 3427 593 3485 Serrium,
606 3427 632 3473 in
680 3440 755 3486 opera
764 3441 839 3473 seruo.

107 3651 182 3708 been
199 3652 324 3720 faithful,
342 3654 415 3711 shall
434 3653 471 3711 be
492 3670 523 3709 ae
547 3653 572 3709 if
587 3653 656 3724 they
675 3668 749 3707 uere
766 3650 896 3707 brothers
916 3647 950 3705 of
966 3645 1150 3704 Telemachus
1164 3646 1208 3705 his

106 3755 168 3796 son.
199 3740 355 3795 Tertullisn
369 3757 440 3813 says,
447 3742 557 3816 scetere
570 3741 664 3794 ratter
675 3739 741 3792 ιιοο
752 3746 871 3792 masters.
901 3735 1016 3791 larome
1030 3751 1063 3790 or
1073 3735 1209 3792 Paulinus

107 3824 221 3880 exhorts
234 3826 362 3881 Oelsntis
375 3832 406 3881 to
420 3826 457 3881 be
470 3843 488 3880 a
502 3825 615 3880 mother
629 3823 726 3878 rather
740 3822 809 3877 than
824 3839 842 3876 a
855 3822 979 3877 mistress
993 3822 1027 3877 of
1036 3820 1089 3876 her
1099 3821 1206 3894 family.

107 3913 147 3967 So
162 3912 318 3983 Augustino
332 3929 396 3984 says
409 3911 473 3966 that
487 3916 604 3966 mesmes
617 3909 686 3981 help
700 3907 776 3963 their
789 3914 915 3964 servants
929 3913 960 3962 to
972 3906 1092 3979 worship
1105 3907 1179 3963 God.

160 4003 177 4053 3
206 3999 299 4054 There
313 3998 337 4052 is
348 4015 367 4051 a
380 3997 487 4052 similar
499 3998 592 4052 lesson
606 3995 640 4051 of
651 3994 730 4067 piety
745 3995 774 4048 in
788 3993 839 4049 the
852 3993 929 4048 word
946 4010 1017 4064 paor
1030 3993 1076 4047 for
1090 4000 1208 4056 mant,

106 4100 137 4138 as
150 4085 263 4140 Servius
274 4089 364 4138 notes.
410 4083 450 4138 So
469 4081 519 4138 the
532 4081 714 4137 Heraeleotes
731 4079 822 4135 called
835 4079 911 4136 their
924 4078 1013 4135 slaves
1025 4079 1207 4151 pist-learns.

107 4170 221 4225 Tacitus
232 4171 338 4242 praises
350 4168 400 4224 the
411 4169 549 4224 Gemens
560 4167 655 4223 whose
665 4172 791 4223 servants
804 4182 878 4223 were
891 4181 922 4222 as
933 4170 1055 4221 tenants.
1093 4163 1210 4220 Theano

106 4271 170 4325 says
181 4254 245 4309 thet
258 4255 349 4310 slaves
363 4253 465 4310 should
479 4260 531 4310 not
544 4253 630 4309 suffer
642 4253 718 4310 t'rom
732 4252 912 4308 orer-labent
925 4266 959 4306 or
972 4255 1055 4307 uani

159 4339 211 4394 VI.
247 4346 262 4395 1
285 4341 321 4395 In
334 4346 433 4396 retum
446 4339 493 4396 for
506 4339 615 4405 labem,
626 4345 792 4395 mansues
809 4322 1274 4622 ομ

107 4423 157 4480 the
168 4424 253 4481 slave.
293 4425 333 4482 So
345 4425 452 4496 dicero,
466 4424 609 4491 Arhtotle,
622 4423 702 4493 asto,
713 4425 831 4482 sensa
