2916 4906
584 241 633 298 Ac
654 242 881 299 VERBORUM.

131 410 232 458 cistulis.
247 412 263 458 i.
279 414 301 469 4,
316 414 338 468 2,
354 415 376 460 1.
405 412 495 458 Eorum
512 412 648 459 resistentia
668 415 705 459 est

132 486 208 532 vetite
222 487 278 546 jure
306 487 416 545 llebraeo,
437 494 462 534 et
475 489 530 548 jme
551 489 705 548 Evangelico.

133 561 148 607 i.
159 565 184 615 4,
194 565 216 619 3,
226 565 249 609 4.
277 563 325 609 Pro
335 564 508 624 imperantibus
518 564 617 610 bellent.
633 564 651 610 i.
660 564 706 620 6,3

103 633 213 681 Subditis
227 637 296 683 illnte
310 637 345 682 vis
359 652 443 697 pnoem
458 639 557 698 rumpit.
571 638 604 683 iii.
615 640 653 694 20,
667 640 704 686 32.

133 711 248 768 Alterius,
263 713 304 772 qni
320 713 404 773 piretu
419 714 475 771 sint,
486 716 521 759 vis
536 714 611 770 illuts,
621 728 705 773 paoem

134 800 182 832 non
202 788 300 847 rumpit.
326 788 385 835 ibid.
417 789 568 835 Beilsntibus
589 790 706 849 promisse

133 875 164 908 nu
184 866 292 909 teneant.
308 863 341 909 iii.
359 864 397 920 19,
415 864 437 911 6.
468 864 642 911 Dubitantibus
660 865 705 911 tri·

133 937 194 983 6616
208 937 288 997 potins
304 937 453 997 imperende,
469 953 541 997 quem
556 953 631 984 onere
644 939 706 984 mili·

132 1011 203 1057 teris.
219 1011 243 1056 11.
254 1012 291 1067 26,
306 1014 330 1058 6.
360 1013 485 1058 interdum
500 1013 582 1072 prssde
596 1014 708 1060 oonoedl·

134 1091 182 1132 tur.
197 1085 264 1144 1116,
275 1088 305 1132 24

105 1160 220 1207 Subditus
230 1161 284 1220 cogi
294 1165 383 1220 potest,
393 1166 422 1207 ut
431 1161 500 1207 obses
509 1166 557 1217 eet,
567 1166 592 1208 et
605 1175 706 1221 quomo·

133 1234 173 1281 do.
188 1235 222 1282 iii.
233 1237 270 1292 20,
279 1237 317 1282 62.
346 1235 468 1281 Dubitsns
481 1248 513 1281 en
529 1240 594 1282 recte
609 1236 704 1284 militet.

133 1309 158 1354 ii.
170 1309 331 1370 26,6,6s§4‚
343 1311 393 1365 1,4

105 1381 261 1429 Subditornm
276 1384 378 1430 leonites
393 1385 546 1431 deliberetrix
557 1386 705 1445 imperfecte.

133 1459 158 1505 ii.
174 1459 211 1515 26,
227 1461 249 1516 4,
265 1462 289 1506 2.
319 1461 423 1506 Bellone
439 1475 469 1506 un
487 1461 577 1507 bellum
593 1461 707 1520 utrinqne

130 1532 233 1593 justum.
248 1533 273 1579 ii.
292 1535 331 1593 26,
349 1536 408 1592 4,3.
438 1535 554 1581 Defensio
574 1549 605 1581 en
625 1536 707 1596 nilque

128 1608 228 1667 Justein
238 1609 302 1655 bello
315 1609 412 1669 inJ'usto.
429 1609 454 1656 ii.
466 1610 502 1664 26,
513 1609 535 1666 6,
546 1612 567 1656 1.
595 1610 707 1656 Libertus

134 1682 256 1741 obligetur
270 1696 300 1728 ex
314 1683 380 1728 iecto
390 1683 547 1741 superiorum.
563 1683 601 1746 iii.
610 1686 634 1739 2,
649 1686 706 1742 2,1,

134 1758 158 1803 2.
189 1755 290 1801 Factum
304 1769 335 1800 en
350 1768 432 1814 pnoem
443 1761 549 1814 rumpet.
563 1757 596 1802 lii.
613 1759 650 1814 20,
667 1760 707 1806 30.

135 1830 303 1876 Innocentium
319 1842 358 1875 res
372 1829 397 1873 in
408 1842 504 1887 poenem
522 1842 570 1874 non
584 1835 650 1876 recte
666 1844 706 1876 oe·

134 1904 242 1962 piuntur.
258 1902 291 1950 iii.
302 1905 338 1960 13,
348 1907 362 1949 2

105 1979 346 2037 Subditossnscipers
359 1979 498 2038 migrantes,
509 1991 556 2023 non
572 1984 609 2025 est
623 1985 708 2026 oontm

134 2067 227 2114 pecem,
238 2067 292 2113 666
302 2053 430 2099 amicitiam
441 2054 616 2114 complectitur.
628 2054 661 2102 iii.
670 2058 708 2112 20,

133 2131 163 2173 41

105 2202 230 2261 Subjeotio
245 2204 320 2250 civilis
335 2217 364 2249 ex
379 2217 458 2262 poene.
474 2205 500 2250 ii.
512 2207 537 2258 6,
547 2207 585 2252 32.
617 2206 706 2254 Civilis.

132 2277 264 2333 111.8,1,1.
287 2277 383 2323 Herills.
398 2278 457 2324 ibid.
478 2280 563 2326 Mixto.
578 2281 636 2326 ibid.
658 2281 706 2327 Po.

134 2351 186 2411 puli
196 2351 304 2410 perfecte
314 2355 339 2396 et
349 2352 498 2412 imperfecte.
514 2355 539 2400 ii.
555 2357 578 2411 6,
590 2359 627 2402 31.
658 2355 706 2403 Jus

134 2430 172 2472 est
181 2426 205 2471 in
215 2439 350 2486 perronem.
376 2425 433 2472 Vide
442 2427 502 2473 Lex.
516 2428 571 2486 ii.6,
579 2430 617 2477 26.
637 2431 705 2484 Quo·

133 2501 227 2560 tnplsx.
249 2501 310 2547 ibid
342 2501 381 2547 rit
395 2501 432 2547 rel
450 2516 480 2547 ex
497 2516 622 2550 consensu.
647 2505 706 2553 ibid.

134 2575 182 2623 Vei
198 2590 226 2622 ex
244 2575 340 2622 delicto.
356 2575 382 2621 ii.
399 2578 423 2631 6,
439 2578 478 2623 32.
504 2576 706 2638 0666116666616,

134 2664 182 2711 qne
198 2651 301 2696 subsunt
316 2650 477 2711 meglstretui,
497 2656 595 2711 quante
611 2653 627 2698 i.
644 2655 667 2708 4,
682 2657 704 2701 4.

134 2726 238 2772 Prirstn.
254 2726 278 2772 ii.
290 2727 312 2782 6,
320 2727 344 2772 8.
376 2726 441 2780 Quid
451 2727 582 2774 continent.
597 2729 623 2774 ii.
633 2731 656 2786 6,
667 2732 704 2776 27.

134 2801 234 2847 Publice
248 2814 309 2860 quse.
330 2801 355 2847 ii.
371 2803 393 2858 6,
403 2803 441 2848 31.
474 2802 589 2849 Continet
603 2805 706 2850 necessi·

133 2879 209 2921 tutem
224 2888 272 2920 666
287 2875 420 2921 resistendi.
436 2876 452 2922 1.
468 2878 490 2932 4,
505 2879 527 2924 4.
558 2877 666 2924 Vocatur
681 2883 706 2925 et

133 2948 216 2996 civilis.
232 2948 265 2995 111.
274 2951 297 3006 8,
308 2951 330 2995 1.
355 2950 396 2996 An
405 2950 524 3010 subjicere
533 2952 640 2998 66116661
651 2953 705 3012 iege

133 3023 272 3082 evangelion
282 3023 433 3083 megistrstui
443 3024 541 3071 infideli.
555 3026 581 3073 il.
591 3028 628 3083 16,
639 3029 669 3074 10

104 3097 311 3144 Subordinetionis
332 3103 418 3144 neture
438 3103 464 3145 st
484 3100 590 3147 61166166.
610 3102 626 3147 i.
642 3104 665 3160 4,
682 3103 705 3159 6,

133 3174 181 3228 1,2

103 3247 250 3295 Substentiss
269 3261 316 3295 rox
331 3262 376 3309 pro
392 3262 459 3296 more
474 3255 600 3311 perpetuo.
625 3251 649 3299 11.
668 3254 703 3309 12,

102 3399 226 3446 successio
237 3399 334 3446 titulum
345 3404 449 3446 veterem
460 3401 593 3447 continuet.
609 3401 625 3447 1.
635 3403 703 3458 3,10,

131 3475 153 3519 6.
184 3474 288 3520 Lineelis
307 3475 332 3520 in
353 3477 434 3534 regnis
451 3489 512 3534 ques.
527 3476 551 3521 ii.
570 3479 592 3534 7,
611 3479 648 3531 22,
663 3479 700 3522 23.

132 3546 267 3605 Cognetioe
276 3548 376 3595 linealis.
391 3549 416 3592 ii.
427 3550 449 3603 7,
460 3551 497 3594 22.
528 3548 633 3594 Linenlis
646 3550 702 3594 nui-

130 3619 161 3665 lis
171 3621 285 3679 gradibus
295 3622 444 3668 terminetur.
456 3622 514 3667 ibid.
529 3622 588 3668 Not.
596 3625 617 3668 l.
635 3622 703 3683 neg.

131 3708 216 3740 norum
232 3695 257 3739 ln
273 3694 363 3740 Atricss
378 3697 486 3754 pertssrur
506 3697 655 3756 quibusdem.
676 3699 701 3745 11.

131 3770 154 3823 7,
165 3772 201 3813 24.
233 3769 262 3814 16
272 3769 354 3828 regnis
361 3770 576 3828 patrimonialibus.
592 3771 616 3817 ii.
626 3773 650 3827 7,
663 3775 701 3820 12.

130 3843 171 3889 Ab
181 3841 296 3888 intestato
306 3842 378 3887 unde.
396 3843 420 3889 li.
432 3844 454 3901 7,
466 3847 488 3890 3.
515 3844 566 3890 Cur
575 3846 702 3906 6661666-

130 3916 229 3962 scendet
239 3929 311 3975 quern
322 3916 443 3962 escendat.
459 3917 483 3963 11.
494 3919 515 3974 7,
525 3920 549 3973 6,
560 3921 574 3963 2

99 3989 260 4037 Successiouis
281 3990 313 4035 66
332 3989 447 4036 intestato
470 3995 526 4051 post
545 3991 633 4039 liberos
653 3995 702 4042 dno

129 4064 244 4124 precipui
252 4065 341 4110 fontes.
357 4063 381 4111 11
392 4064 415 4121 7,
426 4064 449 4122 9,
459 4068 483 4122 1,
491 4067 514 4124 3,
526 4065 548 4112 ir
559 4069 620 4123 11,1

100 4137 277 4185 Successionem
292 4138 393 4199 quisque
407 4138 508 4200 elegisse
522 4141 633 4199 creditur,
648 4156 701 4202 quus

129 4210 231 4256 tumore
240 4213 325 4271 petrice
335 4216 379 4258 est.
396 4212 453 4270 117,
465 4216 526 4270 11,2

100 4281 280 4329 Sucoessionum
291 4285 358 4343 leges
368 4285 474 4334 divense.
490 4288 516 4335 ii.
526 4289 549 4344 7,
560 4290 596 4344 11,
607 4290 619 4334 1

101 4355 235 4403 Succedens
255 4356 280 4402 in
299 4371 375 4418 regno
396 4362 557 4420 putrimoniell
579 4359 701 4411 individuo

1296 233 1360 298 439

786 413 857 459 debet
872 412 925 458 eliis
940 413 1073 460 heredibus
1090 413 1115 459 id
1132 413 1211 474 ipsum
1223 424 1360 473 repensare.

785 487 884 544 11.7,13

757 562 909 609 Successores
919 576 1004 623 regum
1014 562 1111 623 quondo
1125 565 1151 609 et
1162 565 1280 623 qnatenus
1291 563 1362 608 tens·

786 642 865 684 entur.
880 637 905 684 ii.
916 640 991 694 14,11

758 711 890 770 Σύμπλοια
901 713 967 772 quid.
984 713 1009 760 ii.
1021 715 1081 768 12,4

758 786 872 844 Superior
885 799 917 831 sn
927 791 953 832 et
962 788 1082 846 quomodo
1092 786 1118 832 16
1128 786 1250 832 subditum
1261 784 1361 832 mende-

787 859 850 905 oium
867 861 1010 907 committet.
1025 861 1058 906 iii.
1076 862 1099 915 1,
1117 862 1154 908 16.
1183 859 1240 905 Non
1258 858 1280 904 is
1296 873 1360 905 sem-

787 948 840 995 per,
854 935 921 995 cujus
939 936 1039 982 utiliteti
1054 935 1162 995 regimen
1179 934 1286 981 inservit.
1305 933 1359 993 13,

787 1011 811 1065 8,
826 1012 863 1057 14.
895 1010 959 1065 Quid
978 1011 1055 1070 possit
1071 1011 1135 1056 circs
1147 1010 1320 1069 juramentum.
1334 1007 1359 1055 il.

788 1086 825 1142 13,
833 1087 873 1139 20,
889 1088 910 1142 1,
923 1088 947 1132 3.
978 1085 1106 1132 Subditum
1124 1097 1211 1144 cogere
1230 1087 1312 1142 potest
1328 1082 1360 1129 ed

787 1175 822 1217 es,
832 1175 886 1220 quse
896 1174 944 1207 non
955 1175 985 1208 ex
990 1160 1096 1220 justitie,
1107 1160 1149 1207 ssd
1165 1173 1195 1205 ex
1208 1158 1256 1204 elie
1270 1157 1359 1204 6161616

787 1237 914 1283 debentur.
928 1236 951 1283 ii.
962 1239 999 1293 26,
1009 1239 1031 1293 3,
1041 1238 1056 1280 4

758 1310 893 1369 Superioris
909 1305 1065 1371 preceptum,
1082 1309 1180 1369 quendo
1199 1311 1307 1355 excuset.
1336 1306 1361 1354 11.

787 1384 850 1440 264

758 1457 902 1516 Superfioies
912 1471 943 1503 en
953 1458 1005 1504 6616
1016 1458 1094 1504 cedet.
1109 1456 1134 1503 11.
1142 1458 1164 1512 8,
1171 1457 1202 1501 22

759 1534 882 1593 Supplicie
896 1534 1009 1594 capitolin
1023 1532 1188 1592 entiquissims
1199 1534 1224 1576 61
1239 1529 1263 1575 16
1274 1529 1361 1588 quibus

787 1610 934 1656 criminibus.
949 1610 965 1655 i.
978 1612 1000 1664 2,
1010 1611 1033 1665 6,
1043 1609 1066 1656 0.
1095 1607 1152 1653 Non
1162 1607 1240 1653 solum
1251 1604 1362 1652 Hebreis

788 1698 946 1730 eecoucesse.
962 1683 1019 1729 ibid
1037 1683 1095 1729 Not.
1105 1682 1128 1738 9,
1139 1684 1168 1728 10

759 1758 912 1817 Supplicibus
921 1758 1075 1817 percendum.
1091 1756 1123 1801 iii.
1132 1758 1170 1810 11,
1184 1757 1213 1801 16

759 1832 900 1890 Supplicnm
907 1832 948 1890 jus
956 1833 1043 1890 quibus
1053 1832 1177 1876 debentur.
1188 1831 1214 1878 ii.
1224 1832 1261 1887 21,
1272 1829 1297 1886 6,
1307 1830 1329 1885 1,
1338 1830 1362 1875 4.

788 1903 948 1950 Defensorum
965 1910 990 1950 et
1007 1917 1055 1949 uon
1076 1904 1228 1949 defensorum
1242 1901 1360 1961 exemplu.

788 1978 812 2024 ii.
826 1980 866 2033 21,
879 1980 903 2033 6,
913 1980 936 2033 3,
945 1979 969 2024 6.
999 1975 1047 2022 Jus
1061 1976 1085 2021 16
1101 1975 1166 2021 66116
1181 1974 1259 2033 qusie.
1276 1973 1363 2031 11111,

787 2055 838 2108 3,1.
870 2052 950 2099 Ceuse
965 2065 995 2098 ex
1013 2065 1062 2112 quo
1074 2051 1131 2111 jure
1147 2049 1321 2110 cognoscende
1336 2048 1364 2095 11.

788 2129 825 2184 21,
835 2127 882 2183 6,2

759 2202 884 2262 Supplices
899 2216 930 2248 nn
944 2202 1003 2248 belli
1015 2202 1070 2262 jure
1085 2199 1232 2246 occidentur.
1247 2197 1281 2243 iii.
1294 2200 1317 2255 4,
1332 2198 1361 2242 11

759 2278 841 2338 Syrtes
850 2291 882 2323 en
892 2277 1004 2336 cuiquem
1015 2275 1128 2335 propriis.
1143 2273 1166 2319 li.
1178 2274 1201 2331 2,
1211 2272 1234 2328 3,
1244 2273 1259 2318 2

1042 2521 1072 2568 T.

757 2652 827 2698 Telio
838 2666 886 2698 non
897 2653 984 2699 trensit
993 2666 1128 2712 perronem.
1146 2651 1179 2698 11.
1190 2654 1228 2707 11,
1238 2649 1275 2704 16,
1284 2650 1299 2694 2

757 2726 864 2772 Telionis
875 2727 1005 2786 postulatio
1016 2727 1126 2773 Hebrssie
1139 2739 1188 2786 qno
1201 2737 1273 2770 sensu
1284 2719 1358 2767 licite.

785 2801 861 2856 1120,
879 2804 916 2858 10,
931 2803 955 2850 7.
985 2803 1048 2849 11666
1064 2801 1106 2860 qui
1122 2798 1187 2859 spud
1203 2797 1319 2844 Hebraeos
1333 2798 1360 2840 et

787 2873 916 2921 Romenos.
932 2874 991 2922 ibid.

757 2948 881 2995 Telionem
901 2951 925 2995 in
937 2950 1031 3011 judicio
1045 2949 1142 3009 exigere
1156 2946 1265 2994 Eebrssis
1278 2943 1360 2991 indul·

784 3028 846 3070 tum.
861 3024 877 3072 i.
889 3028 912 3082 2,
921 3028 968 3083 8,7

756 3098 842 3144 Telum
853 3099 912 3158 quid
918 3100 975 3160 Jure
986 3098 1104 3146 Romnno.
1120 3098 1144 3144 il.
1155 3098 1224 3154 1,1e,
1235 3098 1250 3142 2

755 3173 883 3234 Templum
893 3175 1110 3235 Hierosolymorum
1117 3171 1216 3218 intrerit
1222 3168 1358 3230 Pompeius,

784 3248 892 3296 incendit
907 3249 986 3298 Titm.
1003 3249 1037 3296 lii.
1051 3248 1075 3307 6,
1091 3250 1113 3304 2,
1130 3249 1154 3295 6.
1184 3246 1244 3306 ujus
1261 3242 1356 3303 religio.

784 3323 817 3368 iii.
827 3325 851 3377 6,
861 3326 908 3378 2,4

755 3396 857 3455 Temple
866 3398 976 3456 gentium
986 3410 1000 3441 u
1011 3396 1102 3442 iudeis
1112 3395 1215 3440 incense.
1231 3391 1289 3438 ibid.

754 3470 861 3529 Templis
870 3471 1023 3529 percendum.
1038 3470 1071 3516 iii
1083 3471 1120 3526 12,
1130 3468 1152 3524 6,
1163 3471 1184 3524 1,
1191 3470 1213 3524 2,
1223 3469 1247 3524 6,
1257 3469 1270 3512 1

754 3543 860 3602 Tempus
870 3543 1040 3590 immemoriule
1049 3544 1074 3588 in
1085 3543 1158 3589 dubio
1168 3541 1255 3588 sufficit
1266 3540 1298 3587 ed
1312 3539 1356 3587 de·

782 3618 912 3663 relictionis
922 3618 1123 3677 presumtionsm.
1138 3618 1163 3664 11.
1174 3620 1196 3674 4,
1205 3618 1227 3664 7.
1239 3617 1263 3663 Δ
1272 3621 1355 3664 oente-

782 3693 850 3737 uerio
860 3692 948 3739 differt.
964 3693 1021 3739 ibid.

753 3768 860 3827 Tempus
879 3768 910 3813 ud
934 3768 1101 3827 poenitentium
1122 3768 1227 3814 dendnm
1247 3766 1292 3825 bis,
1312 3766 1355 3828 qul

782 3842 900 3902 supplicio
911 3842 1053 3890 efficiuntur.
1069 3842 1094 3888 ii.
1106 3845 1190 3901 26,12,
1201 3845 1215 3889 l

753 3915 880 3975 Temporis
889 3930 943 3976 quse
953 3916 988 3961 vis
1003 3917 1035 3964 ed
1048 3918 1238 3978 presumendum
1253 3916 1355 3964 dsrelio·

782 3992 880 4039 tionem.
895 3993 920 4039 11.
931 3992 978 4049 4,6

752 4067 840 4113 Teucri
850 4067 915 4114 bello
924 4081 979 4127 qne
988 4068 1163 4129 intelligentur.
1178 4065 1212 4113 iii
1223 4068 1260 4123 20,
1270 4067 1307 4123 12,
1316 4067 1332 4112 2

752 4142 859 4189 Termini
869 4156 937 4188 sucre
947 4142 998 4189 sine
1009 4144 1133 4204 sunguine.
1148 4143 1182 4190 iii.
1192 4143 1230 4199 16,
1238 4144 1262 4199 7,
1273 4145 1287 4188 1

752 4217 920 4264 Terminornm
931 4218 979 4263 duo
988 4231 1085 4277 genere.
1100 4218 1133 4266 111,
1144 4220 1181 4277 21,
1191 4219 1216 4272 4,
1226 4219 1242 4264 3

752 4291 833 4338 Terrsn
846 4292 927 4338 hostili
943 4305 1018 4351 quere
1032 4292 1186 4349 percendum.
1201 4291 1315 4349 111.12,1,
1329 4292 1352 4348 2,

783 4368 1124 4426 21311161312
