2916 4906
265 221 328 287 108
432 228 485 283 DE
507 228 605 284 JURE
628 227 871 294 AOQUIRENDI
891 229 1016 285 BELLO
1040 229 1172 287 chnud.
1221 227 1294 303 [1213.
1308 233 1364 289 111.

99 419 232 501 &mm
263 393 398 483 prelium
420 394 500 460 dixit
522 393 660 459 muneri:
686 417 754 461 οοοο
773 397 892 460 mom
917 398 976 462 Ιιοο
995 409 1060 463 eoto
1080 399 1170 463 vobio
1191 400 1231 463 de
1246 400 1365 482 proeda

100 521 245 570 uinenmes.
264 497 403 562 boetium
420 496 565 560 Domini.
606 493 771 571 Nimirum,
789 504 825 560 ut
848 494 967 560 Seneca
983 495 1072 572 dixit,
1090 495 1276 562 militaribus
1290 496 1365 565 viris

99 568 129 606 ³²
263 593 517 682 speciosissimum
544 599 592 660 est
618 592 745 659 divitem
773 591 907 679 aliquem
932 593 1036 680 spoliis
1061 595 1224 662 hostilibus
1249 596 1363 662 fecere.

262 694 398 758 Exstant
419 700 451 759 et
467 691 581 758 divinae
606 690 691 780 leges
708 691 747 758 de
765 694 873 778 preede
895 692 1063 759 dividenda
1087 695 1183 761 Num.
1199 695 1289 761 xxxi.
1308 695 1364 766 27.

98 806 226 892 ρῶνρνω
263 791 309 859 Ει
325 791 416 857 Philo
440 790 523 858 inter
539 791 623 859 dirus
644 790 722 879 legis
738 813 806 856 esse
822 790 866 857 sit
891 799 927 856 ut
942 813 1020 879 ager
1036 793 1076 858 eb
1099 793 1238 860 hostibus
1260 795 1363 860 deme-

262 901 358 968 tetur,
378 891 461 958 unde
475 891 562 977 sequi
579 887 675 968 λιμόν
689 887 748 973 μὲν
765 891 887 984 φίλοις,
904 885 1036 984 ἐχθροῖς
1053 885 1088 962 dd
1106 895 1306 987 περιουσίαν,
1324 898 1363 962 in

260 1014 336 1060 euos
342 994 479 1077 samem,
497 993 625 1077 copiam
642 992 793 1057 metibus.

337 1092 381 1157 Il.
423 1092 442 1154 l
479 1091 623 1156 Ceterum
642 1089 716 1176 jure
730 1090 869 1178 gentium
886 1113 949 1156 non
971 1099 1093 1159 tentum
1109 1092 1136 1159 is
1152 1093 1206 1180 qui
1223 1115 1264 1158 ex
1274 1093 1361 1180 juste

254 1213 355 1258 >eausa
373 1189 488 1257 bellum
507 1189 599 1277 gerit,
619 1189 675 1255 sed
697 1199 730 1255 et
751 1188 851 1275 quivis
873 1189 906 1255 in
928 1191 1009 1257 bello
1030 1192 1148 1258 solenni
1165 1202 1198 1260 et
1213 1192 1279 1259 sine
1299 1193 1361 1260 fine

261 1292 414 1378 modoque
430 1288 571 1356 dominus
587 1289 622 1356 fit
634 1310 739 1355 eornm
758 1311 828 1375 quoe
844 1289 927 1355 hosti
939 1289 1040 1378 eripit,
1057 1313 1093 1356 eo
1108 1314 1199 1358 sensu
1216 1291 1360 1358 nimirum

261 1401 297 1457 nt
311 1413 332 1456 ο
347 1388 492 1479 gentibus
508 1388 649 1454 omnibns
663 1397 696 1453 et
721 1387 786 1475 ipse
803 1389 905 1475 etqui
926 1389 967 1456 sb
983 1412 1021 1456 eo
1043 1389 1167 1457 titulum
1182 1392 1309 1468 hebent,
1327 1391 1360 1456 in

260 1488 451 1577 possessione
475 1510 581 1554 rerum
604 1487 713 1553 talium
734 1487 842 1553 tuendi
864 1487 948 1555 sint:
965 1490 1048 1576 quod
1068 1490 1235 1557 dominium
1255 1491 1359 1577 quoad

96 1597 249 1693 {epyybumt
261 1589 388 1655 effeetus
404 1595 549 1654 externos
565 1587 637 1653 lieet
657 1587 825 1673 appellere.
878 1588 981 1675 Cyrus
999 1589 1083 1675 apud
1100 1590 1359 1677 Xenophontem:

95 1690 202 1740 “m
262 1685 355 1768 νόμος
381 1683 418 1755 ἐν
443 1690 543 1756 πᾶσιν
562 1682 742 1777 ἀνθρώποις
768 1678 865 1759 didtde
889 1683 991 1766 ἐστιν,
1019 1685 1102 1758 ὅταν
1128 1686 1359 1768 πολεμούντων
1441 1759 1447 1772 ,

261 1783 359 1858 πόλις
380 1786 461 1876 ἁλῷ,
481 1791 548 1854 πῶν
572 1781 717 1855 ἑλόντων
738 1788 818 1854 εἶναι
841 1782 888 1854 ποί
911 1784 1081 1880 χρήματα·
1108 1790 1159 1854 lex
1179 1802 1225 1856 eet
1242 1792 1358 1874 sempi-

260 1900 354 1955 terna
370 1889 456 1953 inter
469 1889 620 1962 domimo,
638 1898 739 1971 eapte
750 1888 892 1952 Ιιοοιίοοι
908 1889 993 1963 urbe,
1011 1889 1181 1954 eorundem
1197 1911 1249 1954 ree
1261 1900 1358 1974 atque

97 1996 205 2082 affl&
253 1989 414 2073 ροοιοιιίαο
430 1988 547 2052 victori
563 1987 678 2052 cedere.
720 1985 811 2050 Plato
827 1985 927 2052 dixit:
953 1982 1066 2054 πάντα
1091 1989 1158 2053 τῶν
1182 1983 1358 2065 νικωμένων

95 2052 153 2128 lm·
163 2097 188 2127 ¹¹·
258 2081 376 2174 ἀγαθοί
400 2086 467 2152 τῶν
492 2081 649 2153 νικώντων
674 2083 868 2173 γίγνεσθαι,
895 2087 978 2150 bona
1007 2108 1079 2171 qum
1106 2089 1213 2152 νὶοιιιο
1240 2088 1358 2153 tabuit

94 2191 211 2274 {figl-
258 2187 370 2252 omnia
384 2186 518 2250 victorie
536 2186 635 2269 fied.-
660 2182 713 2270 qui
730 2193 763 2249 et
780 2182 853 2248 nlibi
877 2183 959 2249 inter
976 2205 1093 2272 genere
1109 2184 1198 2270 quusi
1221 2186 1357 2251 naturali

93 2281 176 2322 πω·
257 2282 463 2370 acquisitionis
479 2283 588 2349 statuit
601 2277 785 2364 πολεμικῆν,
799 2303 892 2368 quam
905 2290 938 2349 et
954 2280 1122 2381 λῃστικῆν,
1133 2279 1357 2374 ἅγωνιστικῆν

257 2392 290 2462 et
300 2378 493 2476 χειρωτικῆο
506 2390 603 2449 vocet
639 2381 870 2448 Assentientem
883 2381 942 2447 heo
955 2381 986 2446 in
999 2404 1035 2448 re
1050 2382 1168 2449 hebens
1180 2405 1249 2449 eum
1263 2405 1356 2470 quem

92 2496 220 2591 ffiffffi
257 2482 320 2548 dixi
338 2482 585 2569 Xenophontem,
603 2480 687 2567 apud
703 2502 796 2567 quem
813 2481 1046 2567 Euthydemum
1064 2482 1208 2547 Socrates
1223 2482 1356 2549 interro·
1373 2496 1389 2519 ¹

256 2582 360 2669 gendo
382 2604 419 2648 eo
441 2581 593 2669 perducit,
616 2589 652 2645 ut
673 2579 806 2667 spoliare
823 2601 886 2644 non
902 2601 1025 2669 semper
1041 2578 1188 2670 injustum
1206 2581 1354 2661 fetentur,

255 2691 291 2749 ut
308 2681 334 2746 si
350 2683 382 2746 in
398 2682 517 2747 hostem
535 2681 566 2746 id
583 2680 646 2746 fiet.

90 2794 227 2836 imeae
330 2783 351 2845 2
385 2780 447 2846 Sed
473 2778 645 2845 Aristotele
670 2801 793 2866 quoque
816 2776 976 2848 enotoreo'
995 2776 1090 2858 νόμος
1115 2777 1279 2871 ὁμολογία
1303 2811 1354 2856 τις

253 2875 359 2957 ἐστίν,
380 2877 415 2947 ἐν
440 2873 466 2968 qi
486 2876 530 2945 ‘rd
552 2875 638 2946 κατοί
657 2875 804 2954 πόλεμον
828 2873 1035 2971 κρατούμενα
1057 2881 1123 2946 τῶν
1145 2876 1354 2972 κρατούντων

311 3058 323 3084 e
336 3050 410 3110 Apud
425 3049 581 3096 Plutarchum
598 3049 623 3094 in
638 3048 689 3094 vita
703 3049 776 3095 Alex·
868 3049 1215 3113 ‘AdemieeeeeaitbellijureJ
1230 3053 1353 3101 Diodorus

253 3123 335 3184 andri]
355 3124 449 3171 Ibidem
464 3125 581 3169 νικῶντος
598 3122 776 3180 προσκτᾶσθαι
825 3124 919 3171 Siculus
929 3126 1058 3186 Exemptis
1068 3129 1228 3174 Poimeienie
1238 3143 1293 3190 png.
1300 3130 1352 3177 roo

253 3199 292 3245 καί
308 3197 343 3244 *td
358 3198 411 3244 ποῑν
425 3196 561 3254 πολεμίωνι
577 3196 691 3241 vincentes
706 3197 777 3242 diam
824 3199 858 3246 πά
875 3200 917 3246 dia·
932 3202 985 3247 πῶν
1000 3201 1089 3248 ὅπλων
1106 3202 1231 3258 κτηθέντα
1250 3206 1289 3264 τῷ
1305 3206 1353 3250 τοῦ

252 3288 281 3321 ca
287 3289 339 3334 que
349 3274 448 3321 meeum
453 3276 507 3319 eunt
513 3271 559 3318 tibi
564 3270 696 3330 acquirere.
706 3271 776 3332 (Peg.
824 3273 936 3334 πολέμου
947 3274 990 3334 νόμ
994 3294 1022 3335 qi,
1032 3279 1067 3336 μοι’
1076 3277 1206 3336 προέσθαι·
1217 3293 1266 3338 quo
1276 3280 1353 3325 mie

252 3350 341 3410 6841.)
824 3350 922 3408 quesita
930 3355 1116 3411 mentetpnrtu
1125 3352 1304 3411 bellijurenon
1313 3353 1352 3400 di-

251 3621 288 3660 on
301 3621 410 3676 enemy.
448 3603 540 3659 There
554 3620 603 3660 are
614 3603 673 3658 else
685 3603 778 3658 divine
789 3602 855 3657 lewe
870 3602 1040 3671 concerning
1058 3600 1108 3656 the
1127 3600 1246 3656 division
1260 3600 1294 3655 of
1302 3600 1352 3656 the

252 3691 332 3761 spoil,
345 3691 374 3745 N
376 3709 433 3746 um.
449 3692 520 3746 xxxi.
535 3694 578 3746 27.
624 3690 688 3744 And
700 3689 783 3744 Philo
802 3705 865 3760 seys
877 3686 940 3742 thet
952 3688 975 3742 it
989 3688 1012 3742 is
1026 3703 1129 3756 among
1141 3685 1190 3741 the
1208 3702 1302 3741 ourses
1321 3686 1355 3740 οι

252 3775 301 3831 the
324 3776 384 3842 law,
403 3776 466 3832 thet
486 3776 535 3832 the
554 3775 621 3831 lnnd
637 3776 672 3831 be
687 3775 844 3848 plundered
858 3775 896 3846 by
907 3772 957 3829 the
975 3789 1087 3844 enemy,
1101 3772 1217 3827 whence
1231 3778 1307 3826 went
1320 3777 1351 3826 ιο

251 3861 359 3917 friends
374 3863 429 3916 end
444 3863 609 3917 ebundnnoe
624 3869 654 3916 ιο
669 3861 801 3917 enemies.

304 3947 342 4001 11.
380 3954 393 4001 1
417 3949 475 4002 But
495 3948 533 4019 by
550 3948 600 4003 the
620 3947 699 4002 Laws
723 3946 757 4000 of
773 3946 901 4009 Nations,
924 3950 976 4000 not
997 3943 1064 4015 only
1082 3944 1120 3998 he
1142 3943 1203 3999 who
1225 3942 1272 3998 for
1290 3943 1351 4014 just

251 4048 335 4088 eeuse
350 4034 453 4088 ourries
468 4050 505 4088 on
519 4050 537 4087 e
551 4050 615 4097 war,
634 4033 688 4087 but
701 4049 757 4102 eny
774 4047 837 4095 one,
853 4032 884 4083 in
902 4047 919 4084 e
936 4030 1049 4100 regular
1068 4047 1133 4094 wer,
1150 4046 1216 4102 may
1232 4028 1351 4085 without

250 4118 324 4174 limit
338 4136 372 4175 or
385 4135 512 4174 measure
527 4119 593 4173 take
607 4118 663 4172 and
685 4117 865 4188 appropriate
887 4115 962 4169 what
982 4115 1098 4186 belongs
1119 4123 1149 4170 ιο
1170 4115 1220 4170 the
1241 4131 1351 4187 enemy,

250 4210 281 4260 to
295 4205 351 4260 this
374 4205 465 4269 effect,
487 4204 549 4259 thnt
563 4203 632 4259 both
652 4202 689 4258 he
703 4202 760 4256 end
784 4201 864 4255 those
880 4201 941 4256 who
957 4201 1052 4256 derivo
1075 4200 1150 4256 their
1166 4201 1228 4255 title
1248 4205 1279 4254 ιο
1300 4200 1350 4255 the

249 4297 385 4364 property
401 4290 476 4346 irem
496 4290 556 4343 him
574 4306 624 4346 ure
648 4294 679 4343 ιο
702 4288 738 4343 be
761 4286 902 4342 defended
924 4287 953 4340 in
975 4288 1133 4358 possession
1153 4285 1273 4342 thereos.
1309 4287 1350 4340 So

249 4376 412 4452 Xenophon
425 4376 482 4433 end
503 4377 587 4433 Plelo
608 4393 658 4448 say
671 4374 734 4432 thet
751 4374 782 4430 in
795 4390 854 4429 wer
876 4373 913 4427 all
932 4372 981 4430 the
1003 4378 1138 4447 property
1160 4372 1194 4428 of
1210 4371 1260 4428 the
1281 4387 1350 4428 eon-
