2916 4906
102 251 171 307 Car.
184 247 291 317 XXV]
445 249 497 304 AD
519 248 642 304 EIDEM
663 249 714 304 ET
735 247 874 304 Pactoli.
1139 239 1204 304 407

104 412 221 478 utilitas
237 413 374 478 humana
396 412 505 478 eodem
522 412 640 479 trahit:
665 410 801 500 primum
818 433 871 478 eos
888 410 943 498 qni
960 411 1061 478 minue
1078 410 1201 478 valent:

104 511 176 597 quia
192 511 396 597 periculosum
412 519 461 577 est
475 512 602 600 longum
625 533 694 577 cum
717 510 889 577 valentiore
911 519 1078 588 certamen,
1101 519 1143 589 et,
1167 520 1203 579 ιιι

104 609 137 675 in
158 610 231 676 navi
249 610 294 688 fit,
314 611 440 697 jactura
461 611 566 697 eliqua
588 610 769 677 redimenda
787 610 885 695 major
900 610 1067 694 calamitas,
1092 611 1203 677 omissa

104 708 153 774 ira
169 731 205 774 ac
221 732 278 796 spe
293 710 461 786 fallacibus,
487 720 523 775 ut
544 719 630 776 recte
646 708 754 776 Liuius
770 708 859 787 dixit,
876 709 1063 776 auctoribus.
1109 710 1261 775 nuncto
1269 723 1341 763 vitet

106 830 229 875 sensum
243 802 488 876 bAritstobcles
464 830 508 874 arc
524 809 686 875 enuntiat.
678 811 859 932 .ιιρεῖττον
874 809 945 882 τοῖς
960 811 1129 903 κρείττοσι
1146 804 1203 891 με’-

105 937 160 1000 ρος
185 938 222 975 τι
244 939 311 976 τιον
334 904 551 1002 νπαρχόντιον
574 901 794 1000 προέσθαι,
776 937 795 987 η
820 903 956 996 πολέμῳ
979 904 1203 1001 κρατηθέντας

106 1004 223 1079 αὐτους
241 1006 354 1077 αὐτοῖς
370 1006 538 1099 χρήμασιν
558 1001 759 1075 ἀπολέσθαι·
785 1010 892 1074 satius
909 1021 955 1074 est
971 1010 1033 1084 bia,
1051 1031 1107 1090 qut
1102 1011 1203 1094 plue

102 1108 234 1190 pollent,
253 1108 382 1193 aliquid
398 1129 510 1173 rerum
526 1128 665 1174 auarum
682 1106 873 1193 relinquere,
889 1130 989 1194 quom
1007 1109 1085 1174 bello
1101 1109 1203 1174 uictos

105 1228 179 1271 eum
195 1210 289 1273 rebue
299 1209 420 1292 perire.

180 1307 219 1371 V.
262 1306 325 1372 Sed
341 1312 373 1372 et
390 1326 442 1371 eos
458 1305 512 1391 qui
529 1304 694 1372 validiores
708 1311 801 1371 sunt:
827 1305 901 1391 quia
914 1303 1003 1371 bonis
1019 1304 1083 1371 suis
1098 1305 1202 1382 rebus,

104 1412 141 1469 ut
165 1403 247 1469 idem
265 1403 373 1470 Livius
394 1426 457 1469 non
478 1403 578 1471 minus
594 1425 669 1470 vere
696 1403 751 1480 ait,
776 1404 881 1491 ampla
906 1426 943 1470 ae
967 1403 1106 1492 speciosa
1128 1405 1357 1471 dan-Umm-

103 1503 187 1568 tibus
213 1525 275 1590 pax
302 1511 370 1570 eet:
403 1525 440 1570 ac
468 1503 578 1570 melior
604 1503 763 1590 tutiorque
791 1525 884 1589 quam
910 1512 1037 1590 sperata
1065 1503 1202 1570 victoria

105 1602 298 1688 Cogitandm
317 1603 399 1668 enim
423 1603 512 1668 Mars
533 1603 720 1669 eommunis:
747 1593 916 1691 διεξιτὲον,
939 1602 984 1668 ait
1008 1601 1202 1681 Aristoteles,

105 1696 167 1772 τὰς
190 1699 380 1786 μεταβολὰς
406 1698 469 1770 τὰς
495 1697 530 1769 ἐν
556 1696 693 1788 πολέμῳ
720 1696 761 1772 ὥς
784 1701 910 1770 πολλαὶ
934 1705 987 1770 και
1010 1697 1203 1794 παράλογοι

105 1801 268 1886 γίνονται·
291 1801 499 1884 cogitandum
516 1801 649 1865 inbelle
666 1821 766 1885 quom
777 1802 890 1865 multoe
906 1823 1067 1883 quamque
1084 1804 1204 1886 impro-

105 1899 183 1963 uieoe
199 1900 393 1963 mutationes
413 1899 560 1963 occidere
584 1899 717 1963 soleam.
770 1896 810 1961 In
832 1898 972 1962 oratione
994 1899 1128 1983 quadam
1145 1921 1203 1984 pro

104 2017 182 2082 pace
199 1995 301 2082 ²apud
324 1995 497 2061 Diodorum
521 1995 687 2082 culpantur
713 2001 743 2063 oi
767 1991 810 2061 τὸ
835 1992 977 2084 μέγεθος
999 1999 1065 2063 τῶν
1092 1993 1203 2076 εὑημε-

104 2090 258 2187 ρημάτων
287 2090 565 2189 προσφερόμενοι,
600 2091 717 2188 ὥσπερ
748 2096 810 2175 τῆς
839 2091 944 2187 τύχης
976 2090 1031 2162 οὑκ
1055 2091 1204 2184 ἇναλλᾶξ

106 2190 284 2276 εἰθισμένης
305 2191 490 2286 βραβεύειν
510 2191 556 2261 τὰ
583 2191 669 2261 κατὰ
693 2189 837 2275 πόλεμον
864 2189 1118 2286 προτερήματα·
1145 2196 1205 2278 qui

105 2305 400 2379 rerumgestarum
423 2315 446 2358 α
469 2315 502 2359 ee
523 2295 785 2378 magnitudinem
802 2293 968 2372 cutellum,
982 2294 1086 2380 plone
1102 2294 1204 2381 quaet

104 2507 157 2553 cap.
170 2495 193 2541 3.
213 2494 278 2539 unde
298 2492 369 2539 etiam
392 2491 483 2552 petitus
503 2496 541 2539 eat
559 2493 628 2551 alter,
679 2493 755 2541 menti
765 2493 952 2540 imbecillitatem
961 2491 1207 2552 prudenteroeteudit

103 2582 175 2628 quem
186 2568 282 2614 Auctor
294 2567 374 2612 adfert
387 2565 413 2610 in
427 2567 579 2626 paragrapho
589 2581 627 2613 ee-
679 2567 820 2615 Dronoaue
831 2568 949 2624 Srcuuus,
963 2566 1031 2627 cnjus
1043 2565 1119 2625 ipsine
1133 2566 1208 2613 rerba

103 2643 194 2704 quentt
224 2643 252 2689 J.
261 2642 293 2688 B.
679 2643 722 2689 illa
737 2648 801 2700 sunt,
816 2643 904 2701 ὅσπερ
920 2643 966 2698 ‘rtis
979 2642 1068 2702 τύχηι,
1084 2640 1127 2689 διο.
1144 2642 1206 2688 Bt'b-

147 2718 158 2748 ¹
174 2717 260 2763 Oratio
269 2717 311 2762 illa
321 2720 373 2763 erat
383 2719 464 2762 contro
474 2715 569 2774 Pacem,
579 2729 628 2762 non
679 2717 749 2765 liotte.
759 2717 824 2763 Isset.
841 2717 895 2763 Lib.
903 2728 966 2764 xm.
976 2729 1029 2775 cup.
1037 2717 1075 2764 68.
1087 2717 1204 2776 p⁸g.369.

101 2806 148 2851 pro
167 2791 248 2837 Pace.-
265 2791 376 2836 nimirum
393 2791 530 2851 Demagogi
547 2791 627 2851 cujus·
678 2791 728 2838 Ed.
739 2791 776 2837 Η.
787 2792 867 2850 Steph.
898 2791 968 2837 Unde
981 2795 1056 2850 patet,
1072 2789 1205 2836 Auctorem

101 2867 159 2911 dnm
169 2866 326 2912 Atheniensis
337 2865 503 2924 cleophontis,
519 2866 561 2925 qni
576 2866 628 2925 ipse
679 2871 795 2923 nostrum,
810 2865 931 2911 memoria>
949 2865 1014 2922 vitio,
1030 2870 1073 2911 aut
1088 2865 1205 2911 fatican-

103 2954 182 2986 rerum
195 2945 313 3001 gesturum
326 2941 357 2985 ab
368 2939 548 2986 Atheniensibus
560 2953 627 3000 reaq-
678 2943 737 2995 tem,
750 2940 775 2985 in
789 2940 842 2986 loco
852 2939 899 2986 isto
908 2939 1027 2985 laudando
1042 2939 1137 2999 lapsum
1146 2953 1204 2987 esse.

103 3015 232 3061 citudinem
246 3015 378 3072 ινιοιιιιοι,
393 3014 517 3075 utvnlgm
530 3016 561 3060 ad
575 3015 627 3061 bel-
678 3013 706 3062 J.
717 3015 752 3064 B.

102 3090 154 3136 lum
179 3090 318 3138 concitaret.
348 3088 427 3150 Huius
449 3094 531 3135 autem
555 3103 627 3150 argu.

102 3381 216 3437 penses:
239 3366 389 3439 especially
410 3382 513 3436 among
537 3366 700 3432 Christiane,
721 3374 752 3423 to
771 3369 863 3424 whom
883 3370 933 3425 tho
954 3370 1032 3424 Lord
1049 3370 1100 3425 hae
1119 3371 1205 3442 ςίιοιι

102 3451 146 3504 his
160 3467 246 3521 peace
258 3467 288 3505 aa
307 3451 350 3505 his
365 3452 472 3522 legacy.
509 3451 572 3506 And
585 3468 616 3507 so
632 3453 666 3507 St
678 3454 758 3518 Paul,
771 3453 815 3509 his
826 3455 889 3510 best
900 3456 1077 3526 interpreter,
1091 3455 1205 3511 exhorta

102 3550 136 3587 ue
151 3541 181 3588 to
193 3535 249 3589 lire
260 3542 290 3588 et
300 3553 386 3606 peace
398 3536 466 3590 with
477 3536 516 3589 all
536 3553 610 3592 men.
646 3536 685 3592 Aa
706 3538 811 3595 Sallust
830 3556 901 3612 says,
918 3539 944 3593 Α
955 3540 1029 3610 good
1043 3557 1110 3594 man
1125 3540 1204 3596 takes

102 3635 141 3688 up
154 3618 203 3672 the
217 3617 370 3690 beginning
387 3620 420 3675 of
428 3637 485 3674 war
496 3619 674 3695 reluctantly,
685 3623 742 3677 and
753 3624 821 3680 does
835 3630 886 3680 not
906 3625 1000 3680 follow
1014 3625 1050 3680 ite
1067 3631 1205 3682 extremes

101 3703 243 3776 willingly.

157 3788 207 3843 IV.
243 3787 313 3844 'l'hie
331 3789 364 3843 of
380 3789 460 3844 itself
475 3790 564 3862 ought
577 3796 608 3846 to
621 3791 659 3847 be
679 3793 807 3866 enough3
825 3795 877 3851 but
888 3795 967 3851 often
981 3796 1087 3851 humen
1101 3797 1205 3871 Utility

102 3873 191 3928 drawa
206 3890 272 3929 men
286 3873 336 3929 the
346 3890 424 3929 same
435 3891 510 3947 way:
534 3875 615 3933 those
626 3878 687 3933 first
698 3879 760 3935 who
772 3898 821 3936 ere
833 3881 882 3936 the
900 3882 1037 3949 weakeet3
1054 3882 1101 3938 for
1111 3900 1128 3938 a
1138 3884 1205 3955 long

100 3960 226 4032 struggle
237 3958 304 4014 with
322 3975 429 4015 amore
444 3961 581 4032 powerful
596 3963 745 4038 adversary
761 3967 918 4038 isperilous
926 3987 935 4033 ς
951 3968 1007 4023 end
1017 3985 1048 4023 aa
1058 3969 1118 4023 ina
1133 3968 1205 4042 ahip,

101 4063 142 4101 we
157 4052 232 4102 must
253 4052 334 4101 arert
350 4063 369 4100 a
387 4053 500 4117 greater
519 4048 651 4122 celamity
664 4050 703 4123 by
717 4067 796 4107 some
817 4054 882 4119 loss,
899 4055 1013 4126 putting
1029 4071 1107 4127 away
1118 4069 1205 4127 anger

101 4130 158 4184 and
176 4131 260 4203 hope,
277 4132 424 4187 fallacious
442 4133 574 4198 adrisere,
591 4151 622 4190 ee
638 4136 710 4208 Livy
727 4154 797 4210 says.
844 4139 883 4193 So
898 4138 1041 4196 Aristotle.

154 4215 188 4268 V.
227 4218 284 4271 But
297 4219 357 4273 also
377 4217 432 4273 thie
453 4218 537 4274 istor
549 4220 599 4275 the
616 4220 723 4277 beneht
743 4223 777 4278 of
790 4223 840 4279 the
858 4230 1003 4297 stronger:
1026 4224 1072 4279 for
1089 4240 1121 4278 aa
1134 4223 1207 4293 Livy

102 4298 161 4353 ²1⁸⁰
176 4315 248 4371 ⁸⁸5⁸·
260 4303 302 4358 To
315 4304 392 4362 them
403 4321 500 4377 peace,
515 4305 541 4361 it
551 4305 618 4382 they
629 4315 713 4380 grant
724 4308 788 4377 itis
802 4310 960 4367 bonnteoue
975 4310 1032 4365 and
1043 4307 1206 4372 crediteble,
