2916 4906
231 210 296 275 352
338 218 392 273 DE
414 219 505 274 FIDE
528 218 695 276 PUBLICA
719 220 798 284 Qus
819 218 980 275 BELLUM
1001 218 1173 288 FINITUR,
1194 218 1270 290 [Ius
1279 221 1335 278 111.

231 386 280 450 ire
298 386 345 449 ad
361 385 524 449 arbitrum
543 405 642 468 quam
660 385 697 449 in
705 385 774 467 jus,
793 382 945 449 rationem
959 379 1154 471 adjiciens,
1136 419 1154 456 0
1171 379 1271 512 ydp
1259 378 1336 454 διαι-

232 511 335 564 ΤηΤης
357 479 399 550 Τὰ
416 510 553 554 emme?
569 478 684 574 Ofili
666 475 735 550 odd
754 475 968 564 δίκαστης
928 513 987 552 TW
1009 505 1111 564 νθμθν
1135 484 1187 552 mi
1206 513 1335 555 Tourov

232 578 323 650 iussu
339 574 507 663 dietrami:
526 577 678 674 εὑρέθη
659 611 747 654 οπως
764 578 806 649 rd
823 578 961 654 ἐπιεικὲς
979 579 1089 683 ἔσχῦη·
1112 607 1191 649 nam
1208 587 1335 652 arbiter

232 683 271 747 td
289 683 376 768 quod
392 703 519 767 equum
535 693 582 746 est
602 684 745 769 respicit,
758 683 863 765 judee
886 685 1006 769 legem:
1031 687 1097 749 imo
1119 687 1244 750 arbiter
1265 687 1336 770 q'us

232 784 283 847 rei
298 803 401 847 causo
416 791 566 868 repertur
581 793 637 857 est,
655 793 692 846 ut
708 782 830 847 ualeret
847 785 996 867 equitus.

306 882 327 945 2
364 882 434 958 Quo
455 879 489 944 in
510 878 577 943 loco
605 879 734 966 equitas
759 902 821 945 non
846 881 973 968 proprie
998 881 1161 970 signifieat,
1188 890 1224 949 ut
1246 881 1332 965 alibi,

232 989 354 1069 partem
381 979 465 1045 illam
485 978 626 1065 justitiae,
651 1001 721 1066 que
741 979 819 1069 legis
836 1001 944 1045 sonum
965 981 1144 1068 generalem
1165 1004 1205 1047 ex
1227 993 1333 1050 mente

232 1078 368 1147 auctoris
384 1078 547 1144 adductius
563 1078 797 1166 interpretatur,
820 1081 905 1163 (nam
922 1079 990 1145 haee
1007 1089 1040 1146 et
1053 1080 1152 1167 judici
1170 1081 1335 1150 commissa

233 1182 294 1264 est)
315 1179 370 1245 sed
397 1200 487 1244 omne
507 1178 549 1255 id,
573 1178 657 1265 quod
674 1178 788 1244 rectius
810 1177 846 1244 fit
863 1200 955 1264 quam
973 1201 1035 1244 non
1052 1179 1098 1258 fit,
1123 1180 1217 1248 etiam
1240 1190 1334 1249 extra

228 1278 359 1367 justitie
381 1277 507 1365 proprie
528 1277 618 1343 dietae
638 1277 774 1366 regulas.
827 1278 891 1344 Sed
911 1279 990 1344 tales
1010 1279 1121 1347 arbitri
1145 1279 1225 1347 sicut
1249 1280 1333 1347 inter

232 1379 372 1467 privatos
389 1389 422 1442 et
445 1376 581 1463 ejusdem
604 1377 725 1463 imperii
742 1377 826 1443 cives
842 1377 1022 1464 frequentes
1044 1386 1125 1458 sunt,
1143 1388 1177 1446 et
1193 1380 1333 1466 speciali-

232 1488 283 1544 ter
306 1475 491 1544 (lhristianis
514 1476 768 1542 commendantur
790 1478 830 1542 ab
856 1478 1005 1565 Apostolo
1030 1478 1130 1544 Paulo
1154 1501 1174 1544 1.
1194 1480 1268 1545 Cor.
1289 1479 1331 1546 vi.

232 1577 278 1642 ita
298 1577 331 1642 in
357 1575 450 1642 dubio
476 1596 539 1640 non
566 1575 660 1641 debet
684 1583 773 1642 tanta
795 1585 933 1664 potestes
954 1599 1098 1644 concessa
1118 1578 1270 1668 intelligi:
1299 1578 1331 1644 in

233 1675 334 1742 dubiis
351 1675 442 1751 enim,
465 1674 549 1760 quod
565 1673 722 1741 minimum
739 1684 796 1752 est,
820 1677 998 1762 sequimur:
1023 1677 1179 1764 precipue
1202 1677 1333 1745 veroid

233 1775 332 1841 locum
360 1775 456 1840 habet
480 1775 563 1841 inter
590 1797 741 1841 summam
767 1783 953 1864 potestatem
976 1777 1159 1854 obtinentes,
1182 1777 1235 1863 qui
1261 1799 1333 1843 eum

228 1874 364 1962 judicem
381 1896 572 1940 communem
588 1896 650 1939 non
667 1875 811 1952 habeant,
833 1875 985 1941 arbitrum
1011 1876 1156 1941 censendi
1181 1884 1253 1943 sunt
1277 1877 1333 1943 sd-

235 1974 395 2040 strinxisse
412 1974 449 2039 iis
466 1973 592 2061 regulis,
612 1973 722 2058 quibus
734 1974 847 2061 judicis
865 1975 994 2039 officium
1011 1974 1165 2062 adstringi
1182 1975 1271 2042 solet.

308 2075 460 2140 XLVIII.
512 2073 595 2137 Illud
618 2083 722 2137 tamen
744 2073 970 2138 observandum
994 2083 1051 2149 est,
1075 2075 1211 2140 arbitros
1235 2075 1333 2142 lectos

232 2195 253 2238 s
269 2173 390 2260 populis
411 2181 466 2238 aut
482 2171 608 2237 summis
629 2171 833 2258 potestatibus
850 2165 910 2238 ¹¹de
927 2172 1088 2260 principali
1110 2173 1236 2261 negotio
1259 2195 1333 2260 pro-

232 2272 377 2338 nuntiare
397 2272 523 2348 debere,
541 2293 603 2336 non
620 2271 660 2335 de
677 2271 886 2358 possessione:
912 2293 984 2337 nam
1007 2273 1194 2358 possessoris
1213 2272 1333 2360 judicia

228 2371 310 2458 juris
328 2371 425 2437 civilis
441 2380 527 2436 sunt:
540 2370 614 2457 jure
631 2371 771 2458 gentium
788 2371 965 2458 possidendi
976 2372 1029 2458 jus
1046 2371 1212 2437 dominium
1230 2372 1333 2458 sequi·

232 2481 294 2537 tur.
340 2471 426 2548 Ideo,
443 2470 515 2535 dum
534 2493 626 2535 causa
643 2470 847 2558 cognoscitur,
867 2470 943 2535 nihil
961 2480 1008 2537 est
1024 2471 1243 2547 innovandum,
1260 2480 1328 2537 tum

232 2592 272 2635 ne
289 2570 499 2657 praejudieium
515 2570 579 2646 hat,
597 2579 663 2635 tum
678 2570 751 2655 quia
768 2570 897 2635 difficilis
913 2579 960 2636 est
974 2571 1176 2657 recuperatio.
1224 2570 1333 2638 Livius

275 2747 287 2780 ¹²
303 2748 342 2793 De
353 2745 487 2807 prinpruli
496 2746 586 2805 negotio
599 2747 756 2805 pronuntiare
806 2746 868 2792 vide
880 2745 1007 2791 Serranum
1019 2744 1122 2790 ilenrico
1132 2744 1176 2790 IV.
1189 2742 1243 2804 [sut
1251 2746 1334 2804 potius

230 2824 318 2880 debere,
333 2838 378 2869 non
394 2823 423 2868 de
435 2820 592 2881 possessione]
612 2822 640 2866 Id
650 2822 698 2866 dux
710 2822 754 2866 Sn-
806 2819 1026 2880 enn1,qniSerrani
1040 2821 1167 2865 Historiam
1180 2820 1280 2867 ulterIus
1291 2821 1333 2868 de-

230 2900 323 2944 baudiae
333 2900 426 2944 dIcebat
436 2898 460 2942 in
473 2897 634 2942 controversia
646 2897 754 2943 SulucIae.
805 2896 893 2955 duxit]

233 3119 302 3172 titas
313 3116 403 3185 afair
417 3134 483 3168 man
495 3117 552 3169 will
564 3119 654 3170 rather
665 3136 699 3187 po
712 3127 737 3171 to
753 3135 790 3170 an
803 3118 905 3171 arbiter
917 3116 983 3169 than
995 3126 1020 3170 to
1035 3135 1054 3170 a
1063 3116 1154 3189 judge,
1169 3116 1275 3169 bream
1290 3117 1331 3170 tlte

230 3203 331 3257 arbiter
346 3201 417 3254 loolcs
432 3210 458 3254 to
474 3203 570 3272 equity,
586 3204 626 3255 tlte
634 3205 718 3275 judge
734 3212 759 3256 to
776 3203 837 3256 low.

287 3295 304 3340 2
333 3288 367 3342 In
382 3286 438 3341 this
453 3287 541 3358 place,
555 3290 643 3358 equity
658 3289 725 3343 does
743 3296 794 3342 not
809 3306 900 3352 mean,
913 3305 942 3343 as
958 3284 1118 3349 elsewhere,
1139 3286 1202 3340 that
1216 3291 1283 3357 part
1298 3287 1333 3341 of

225 3375 328 3446 justice
351 3373 440 3427 which
463 3375 614 3445 interprete
637 3374 685 3428 the
707 3375 759 3427 low
780 3374 817 3445 by
842 3376 877 3428 its
900 3372 1015 3444 general
1035 3371 1174 3442 tendency
1193 3371 1249 3425 and
1268 3373 1330 3426 real

228 3478 359 3534 purpose,
374 3460 432 3527 (for
447 3460 501 3515 this
516 3470 581 3531 pert
595 3461 653 3515 also
669 3461 691 3515 is
706 3460 870 3515 committed
885 3468 915 3514 to
931 3461 980 3514 tho
990 3455 1109 3527 judge3)
1125 3457 1177 3512 but
1192 3459 1215 3511 it
1230 3474 1328 3512 means

228 3548 393 3621 ererythIng
411 3547 500 3602 which
518 3547 541 3602 is
560 3547 653 3602 better
670 3547 743 3601 done
764 3546 832 3601 than
851 3553 901 3600 not
920 3546 1001 3609 done,
1019 3558 1088 3597 even
1109 3550 1276 3597 extreneous
1298 3550 1329 3598 to

228 3635 277 3688 the
293 3635 366 3689 rules
387 3634 419 3688 ot'
427 3635 537 3702 justice,
552 3634 683 3705 properly
698 3650 729 3687 so
750 3632 848 3687 called.
895 3631 971 3686 Such
989 3629 1108 3684 arbiters
1124 3646 1172 3683 are
1187 3630 1329 3699 frequent,

228 3721 257 3772 in
270 3736 346 3773 cases
358 3719 485 3773 between
497 3721 605 3790 privato
617 3736 731 3790 persons
744 3719 800 3772 and
813 3719 925 3772 citizens
937 3717 971 3771 of
982 3717 1118 3770 thesemo
1131 3716 1252 3786 empire;
1270 3714 1329 3768 end

228 3822 276 3858 aro
291 3804 440 3875 especially
455 3805 639 3859 commended
654 3812 684 3858 to
700 3805 854 3858 ChrIstinns
874 3804 910 3874 by
933 3804 965 3858 St
981 3801 1061 3863 Paul,
1086 3807 1099 3853 l
1118 3802 1180 3854 Cor.
1197 3802 1252 3864 vi.;
1275 3799 1327 3854 but

229 3891 290 3943 ina
313 3889 444 3942 doubtful
464 3907 536 3953 cose,
558 3908 599 3944 wo
622 3908 670 3945 are
685 3897 735 3944 not
755 3896 785 3943 to
806 3906 925 3960 suppose
948 3888 1011 3943 that
1035 3903 1065 3941 so
1086 3886 1169 3940 much
1192 3902 1288 3955 power
1303 3886 1326 3939 is

228 3975 355 4047 assigned
371 3981 400 4027 to
416 3974 501 4028 them.
540 3977 597 4028 For
611 3978 639 4029 in
655 3975 786 4031 doubtful
801 3993 886 4038 ceses,
900 3993 941 4029 we
957 3990 1066 4028 assume
1081 3989 1111 4025 es
1127 3972 1200 4025 little
1215 3989 1246 4026 as
1261 3988 1327 4042 may

227 4062 272 4116 bo.
319 4061 382 4115 sno
405 4059 460 4113 this
481 4060 629 4132 especially
643 4061 733 4127 holds,
750 4061 876 4115 between
898 4061 1002 4131 parties
1022 4059 1083 4112 who
1107 4059 1177 4112 here
1195 4073 1327 4129 supreme

227 4150 388 4220 authority;
410 4147 455 4200 for
473 4144 561 4209 these,
582 4147 658 4200 since
677 4147 744 4218 thoy
762 4147 833 4200 hare
852 4164 888 4199 no
908 4162 1038 4201 common
1056 4144 1153 4214 judge,
1171 4160 1219 4197 are
1243 4149 1274 4196 to
1289 4142 1327 4197 bo

226 4237 367 4310 supposed
383 4242 412 4289 to
426 4232 498 4286 haro
513 4231 608 4284 bound
624 4232 672 4284 the
693 4232 799 4286 arbiter
817 4232 854 4303 by
870 4232 918 4287 tho
933 4233 1007 4286 rules
1022 4232 1060 4302 by
1076 4229 1165 4283 which
1180 4229 1230 4282 tho
1245 4229 1327 4282 office

228 4325 260 4379 of
273 4343 289 4379 a
300 4324 388 4394 judge
403 4323 426 4374 is
441 4317 600 4389 commonly
614 4318 718 4372 bound.

284 4410 418 4465 XLVIII.
463 4404 531 4459 This
548 4404 678 4460 however
696 4406 718 4458 is
734 4409 764 4460 to
778 4404 814 4459 be
829 4404 984 4468 remarked,
1003 4403 1065 4459 that
1083 4401 1202 4456 arbiters
1221 4399 1326 4455 chosen
