2916 4906
136 271 210 331 sinn.
223 270 290 342 xi]
361 273 655 330 INTERFIGIENDI
676 275 720 330 IN
742 275 866 333 BELLO
887 275 1017 332 JUSTO.
1174 272 1238 336 203

64 501 69 508 .
137 440 210 514 dat,
225 461 289 505 non
304 439 407 523 ‹lipnu
422 450 506 514 cunt,
523 439 644 524 quibua
659 440 818 524 ipncacaa.
853 440 970 505 Locum
986 460 1061 505 sane
1075 441 1238 529 egregium

138 546 174 604 ct
187 560 260 605 usus
275 535 401 603 maximi
421 535 578 626 integrum
593 536 689 604 latine
710 538 811 625 posui,
833 538 907 627 quia
922 536 1023 604 minus
1042 547 1129 606 recte
1145 541 1236 619 verti,

138 635 272 724 ideoque
287 657 345 702 nec
360 634 436 703 satis
452 635 585 724 intelligi
601 635 689 704 solet.

213 739 236 803 b
269 733 406 802 ffichael
428 734 584 829 Ephesius
607 756 678 802 eum
699 733 800 802 locum
821 735 1040 824 interpretans,
1063 736 1131 824 ejus
1152 739 1237 827 quod

139 834 313 924 exspectari
324 855 388 901 non
403 833 514 921 potuit,
531 835 707 921 exemplum
718 835 806 921 ponit
816 834 850 900 in
861 857 909 912 eo,
926 835 981 922 qui
996 835 1079 902 iores
1092 837 1236 924 aperiens
1248 857 1284 898 vn
1293 858 1342 899 ua
1351 858 1382 898 ιι

138 944 261 1022 patrem
284 933 375 1012 lusit,
395 932 505 999 autin
529 933 596 999 loco
617 932 755 1000 solitario
774 932 941 1019 jaculando
960 956 995 1001 se
1015 956 1164 1001 exercens
1180 936 1237 1002 ali·

138 1054 231 1121 quem
246 1031 431 1099 uulnerauit
478 1030 564 1117 Ejus,
582 1032 666 1118 qnod
681 1031 848 1118 praevideri
869 1032 980 1119 potuit,
997 1033 1053 1099 sed
1070 1034 1136 1100 sine
1154 1035 1235 1113 dolo,

137 1132 172 1199 in
187 1137 226 1200 eo
242 1130 297 1218 qui
307 1130 463 1219 jaculatum
478 1139 527 1196 cst
542 1130 575 1195 in
591 1130 644 1196 uia
659 1130 791 1218 publica.
844 1130 934 1197 Idem
955 1130 1089 1219 scriptor
1103 1134 1236 1201 necessi-

138 1231 213 1298 tatis
228 1230 404 1318 exemplum
419 1229 508 1317 pouit
522 1229 556 1295 in
571 1250 619 1307 eo,
636 1229 690 1316 qui
705 1228 788 1296 fame
803 1236 859 1296 aut
875 1229 927 1296 siti
942 1230 1091 1319 adigitur,
1107 1241 1144 1299 ut
1159 1233 1236 1320 quid

138 1330 251 1399 iaciat:
276 1328 545 1418 perturbationum
567 1327 764 1405 naturalium,
794 1327 828 1394 in
854 1350 972 1407 amore,
996 1329 1113 1410 dolore,
1139 1340 1235 1399 metu.

138 1431 202 1496 Per
225 1427 433 1518 ignormbam
456 1426 526 1494 fieri
551 1427 606 1505 ait,
633 1427 687 1494 ubi
710 1427 827 1496 iactum
851 1427 1025 1518 ignoratur,
1052 1437 1090 1497 ut
1114 1428 1142 1496 si
1166 1431 1236 1518 quis

137 1528 298 1595 mulierem
314 1526 432 1594 nesciat
446 1534 585 1613 nuptam.
617 1525 668 1593 nb
680 1526 847 1641 ignorante
861 1549 924 1593 non
940 1550 998 1615 per
1014 1526 1233 1617 ignorantiam,

137 1628 216 1696 ubi
202 1649 256 1716 Jus
272 1627 443 1717 ignoratur
481 1626 544 1693 Jus
557 1626 688 1693 autem'
678 1648 819 1715 ignorari
807 1626 991 1694 interdum
1007 1628 1234 1707 excusabiliter,

137 1726 294 1794 interdum
325 1724 595 1793 inexcusabiliter.
627 1747 699 1813 quoe
716 1744 799 1792 cum
825 1725 1122 1795 ,iurisconsultorum
1144 1727 1236 1796 ductus
1242 1744 1275 1837 g
1271 1744 1304 1829 ηιξ
1308 1744 1388 1837 3144„

137 1826 254 1915 optime
277 1833 462 1914 congruunt.
512 1825 572 1891 list
597 1824 735 1909 ejusdem
764 1823 941 1892 Aristotelis
964 1825 1051 1893 locus
1074 1826 1148 1893 huic
1173 1836 1292 1894 nonu*

138 1925 293 1992 dissimilis
312 1924 393 1991 libro
414 1923 455 1991 de
475 1931 545 1990 arte
565 1922 719 1989 oratoria:
747 1927 890 2010 equitas
913 1927 1065 2013 inperat,
1090 1948 1134 1993 ne
1153 1928 1358 2044 porinum

139 2025 206 2092 loeo
225 2025 439 2092 babeamus
423 2023 568 2107 injurius
586 2034 618 2089 et
638 2024 762 2107 culpus
784 2045 883 2110 nepus
900 2025 978 2090 item
997 2026 1113 2111 crslpus
1135 2039 1167 2092 et
1186 2029 1237 2091 in·

127 2126 293 2210 fortunia.
339 2124 532 2208 Insertuniu
550 2133 658 2188 autem
677 2135 763 2201 sunt,
784 2145 856 2208 quc
877 2144 935 2189 nec
951 2127 1125 2208 prender-i
1140 2138 1237 2210 potss-

136 2235 240 2300 erunt,
255 2245 313 2291 nec
326 2225 470 2308 improbo
482 2223 593 2287 animo
606 2222 847 2288 cdsnittuntur:
862 2223 975 2306 οιιίραι,
990 2225 1238 2308 quaprooidcri

131 2333 318 2407 potuerant,
335 2343 400 2387 non
416 2332 524 2386 tumen
539 2321 684 2405 improbo
707 2322 817 2385 animo
827 2321 935 2402 fiunt:
959 2322 1102 2403 injurius,
1119 2344 1191 2406 quoe
1207 2334 1238 2388 ct

136 2422 299 2488 intincto
315 2432 347 2488 ct
362 2421 473 2485 animo
494 2419 646 2505 improbo.
697 2418 774 2485 Tria
792 2418 861 2483 hnc
878 2426 1028 2485 notarunt
1047 2427 1179 2498 ueteres,
1202 2429 1236 2487 et

137 2518 240 2587 inille
256 2517 388 2587 Homeri
404 2539 497 2585 uersu
512 2517 552 2585 de
568 2515 690 2584 Achille
704 2516 819 2584 Iliados
833 2525 1009 2604 postremo:
1248 2529 1378 2578 uuum

268 2641 336 2694 oen
349 2636 400 2710 γάρ
414 2634 469 2691 ἀπ’
483 2634 585 2709 ἄφρων,
599 2635 653 2691 οὔτ’
667 2633 792 2701 ἄσκοποι,
807 2634 861 2690 οὔτ’
873 2635 1012 2706 ἀλιτήμων.

267 2742 356 2798 Non
347 2757 445 2813 1gnora
458 2740 509 2805 illi,
523 2741 598 2796 male
611 2740 736 2813 provida,
750 2758 804 2796 neo
818 2740 893 2795 mala
907 2756 987 2797 mens
1001 2745 1052 2797 cst.

212 2840 234 2904 6
270 2837 385 2904 Similis
407 2845 455 2903 est
477 2835 587 2903 divisio
610 2837 696 2925 apud
716 2836 930 2905 Marcianum:
957 2840 1161 2927 delinquitur
1176 2854 1236 2908 aut
1248 2862 1386 2958 mnu

131 2940 310 3025 propocito,
337 2951 398 3004 cut
416 2938 551 3023 impetu,
577 2948 641 3002 out
661 2958 759 3003 ouem
779 2937 950 3023 proposito
971 2940 1162 3026 delinquunt
1188 2942 1236 3006 lue

137 3044 251 3117 bones,
269 3060 327 3122 quc
320 3036 516 3122 factionem
532 3036 672 3101 nubent:
696 3037 819 3122 impetu
837 3046 955 3114 autem,
973 3060 1046 3104 cum
1055 3060 1120 3125 per
1136 3041 1238 3106 ebrie-

137 3147 236 3203 tatem
251 3139 299 3201 ud
313 3156 431 3201 manus
448 3146 508 3202 aut
531 3137 579 3201 ad
586 3136 719 3219 sernum
734 3137 887 3203 venitur:
912 3158 995 3205 casu
1009 3160 1093 3216 nero,
1110 3162 1184 3206 oum
1199 3143 1237 3207 in

77 3307 79 3310 Α
136 3238 284 3301 uenando
307 3237 404 3303 telum
424 3236 461 3299 in
472 3236 587 3320 feram
611 3235 745 3300 missum
769 3237 927 3302 hominem
946 3239 1117 3323 interfecit.
1164 3240 1237 3304 Duo
1370 3306 1372 3312 ,

136 3331 198 3412 illa,
216 3354 288 3421 quae
302 3332 460 3422 proposito
480 3342 513 3399 et
529 3332 648 3418 impetu
666 3333 757 3417 fiunt,
779 3333 862 3399 hunc
878 3335 910 3400 in
930 3336 1056 3402 modum
1073 3336 1237 3424 distinguit

138 3431 265 3500 Cicero:
294 3435 359 3500 Sed
380 3435 418 3499 in
436 3434 524 3498 omni
544 3432 711 3515 injustitia
723 3435 922 3516 permultum
941 3437 1083 3513 interest,
1109 3438 1237 3501 ‘utrum
1251 3450 1343 3500 mone.
1353 3451 1395 3490 ιθ·

134 3533 378 3615 perturbatione
394 3533 511 3615 aliqua
532 3533 648 3607 enimi,
666 3553 737 3614 quoe
755 3533 943 3619 plerumque
959 3535 1064 3601 brevis
1080 3547 1127 3602 eat
1143 3545 1174 3600 ct
1190 3535 1238 3599 ud

138 3692 199 3746 sm,
211 3688 660 3751 steeqsodoccspcocritcosiqncrms·
713 3691 911 3750 queplerumqus
925 3692 1003 3739 meris
1017 3698 1052 3740 est
1063 3695 1130 3742 stud
1142 3701 1237 3756 tempus,

137 3764 397 3826 sammonico
403 3765 562 3825 supervenerit
568 3764 660 3824 aliqua,
711 3778 745 3811 nn
754 3765 858 3812 consulto
871 3770 894 3812 et
903 3767 1007 3825 cecitate
1013 3769 1065 3826 fiet
1076 3768 1177 3829 ἰιῄιιιία]
1193 3771 1238 3818 Sc.

136 3838 355 3900 iudicauimus,
375 3839 498 3902 quincius
517 3843 572 3885 sunt
582 3838 660 3897 paeri,
712 3839 864 3886 necadelru
874 3853 892 3885 ι.
904 3839 941 3887 16.
970 3840 1079 3888 Dimittit
1090 3856 1157 3902 carpe,
1169 3845 1237 3891 siin·
1330 3877 1333 3883 -

135 3915 443 3975 marmandam,
471 3914 545 3976 (Cap.
555 3914 593 3973 9.)
711 3913 797 3973 telliqit
806 3927 852 3960 non
861 3929 891 3960 er
901 3913 951 3962 ulto
960 3915 1184 3976 ventremquiticm,
1196 3920 1239 3966 red

178 3996 190 4024 a
207 3989 477 4050 Ummium
486 3988 570 4049 aliquia
579 3988 661 4044 munt,
709 4001 805 4045 mnne,
829 3989 894 4049 quum
916 3990 992 4049 cium,
1015 3991 1094 4039 anino
1117 3994 1237 4043 interere.

135 4239 273 4381 {frutetis
285 4241 317 4296 in
330 4239 374 4297 his
388 4240 523 4297 Rhetoric.
555 4239 620 4295 And
632 4240 681 4297 the
693 4242 820 4300 ancients
833 4248 920 4315 quote
931 4242 1039 4299 Homer
1052 4247 1082 4299 to
1096 4241 1146 4298 the
1160 4259 1237 4300 samo

136 4342 152 4380 e
174 4333 227 4382 cct.

187 4417 205 4467 e
227 4412 255 4469 Α
268 4412 375 4469 similar
390 4412 509 4469 divmlcn
525 4412 643 4484 isgiven
662 4413 692 4468 in
710 4413 845 4476 Marcion,
866 4412 900 4468 ot
914 4412 1012 4471 delicte
1022 4414 1173 4487 proposito,
1185 4412 1237 4473 im-
1292 4380 1376 4618 r
