2916 4906
104 243 172 301 (iss.
187 237 271 308 xli]
536 240 587 294 ET
609 238 763 294 SIMILIA.
1139 231 1202 294 243

103 407 179 478 lecit
196 427 255 495 pro
274 403 432 494 religione.
484 405 563 469 Tam
585 425 642 491 pro
664 403 816 493 religiosis
838 426 931 492 quam
953 405 1126 493 presseris
1149 407 1203 496 pia

105 516 208 577 exstet
223 503 382 593 Euripidis
398 503 552 570 sententia
576 506 763 571 Troadibus
779 506 873 588 (vers.
892 507 946 585 95,
961 515 995 573 et
1011 509 1108 594 seqq.)
1121 532 1129 573 :

274 645 370 713 Μῶρος
384 639 413 694 δὲ
427 638 525 708 θνητῶν
538 637 613 696 ὅστις
626 639 748 713 ἐκπορθεῖ
759 644 859 708 πόλεις,

275 725 362 784 Neoris
375 749 405 782 τε
417 724 533 796 τύμβους
551 724 583 792 8,
602 727 658 797 lepis
679 731 730 782 τῶν
747 729 914 799 κεκμηκότων,

277 812 386 886 Ἐρημίο
403 812 472 876 dosis,
489 813 565 869 uiris
582 810 658 866 dise
676 809 796 886 ὕστερον.

275 926 369 981 Homo
384 925 507 998 quisquis
521 925 605 980 nrbes
619 930 711 981 vastet
725 930 755 980 st
768 901 825 981 Dis
835 926 966 981 Manibus

277 1013 365 1068 Sedes
379 1017 510 1076 sacratas,
524 1011 694 1083 temploque,
709 1011 785 1066 hand
800 1018 877 1068 reete
888 1013 978 1085 sapite

274 1099 351 1154 Nam
363 1099 461 1154 similis
475 1099 569 1169 ipsum
583 1099 669 1170 pestis
684 1098 785 1153 excidii
799 1104 903 1154 manet.

105 1213 285 1304 Apollonius
299 1216 456 1303 Tyanoeus
472 1214 533 1280 ‘lde
549 1212 624 1279 coelo
639 1234 660 1278 a
673 1213 852 1303 gigantibus
870 1221 1049 1303 oppugnato
1065 1213 1202 1283 fabulam
1217 1223 1317 1264 mn
1328 1224 1356 1263 ¹⁶

106 1315 149 1381 sic
162 1315 448 1402 interpretabatur:
472 1309 608 1405 ὖβρῖσαι
626 1321 669 1383 ais·
684 1309 763 1384 τούς
781 1311 855 1384 esuis
872 1311 983 1383 αὐτῶν
1000 1313 1054 1383 καὶ
1072 1311 1119 1383 τά
1135 1308 1200 1397 ἕδη,

105 1417 172 1481 cim
183 1437 235 1482 coo
253 1416 402 1481 intulisse
417 1416 562 1480 Deorum
578 1415 704 1500 templis
719 1436 760 1479 ac
774 1416 913 1483 sedibus
946 1413 1046 1481 Statio
1062 1415 1202 1482 Annibal

106 1515 282 1604 sacrilegus,
298 1513 371 1601 'qui
387 1516 495 1580 Deum
502 1516 584 1598 face
599 1516 731 1580 micuit
747 1537 837 1581 cros.

176 1616 198 1679 2
232 1613 344 1701 Scipio,
361 1623 452 1701 capta
464 1612 664 1702 Carthagine,
678 1612 791 1679 milites
802 1613 890 1679 donis
903 1621 1003 1692 ornet,
1022 1613 1122 1707 χωρὶς
1134 1619 1201 1682 τῶν

106 1716 149 1784 sis
170 1707 214 1782 τδ
233 1709 469 1783 Ἀπολλῶνεοον
489 1709 717 1806 ἁμαρτόντων,
743 1712 844 1799 inquit
861 1714 1033 1801 Appianae,
1053 1718 1200 1800 exceptis,
1215 1723 1355 1772 mitt-⁸³

105 1817 214 1902 quiin
230 1815 395 1900 Apollinis
412 1814 563 1899 templum
574 1824 799 1898 peccaverant.
836 1814 1024 1901 Trophaeum
1041 1835 1061 1879 a
1077 1814 1202 1880 Mithri-

104 1915 343 1982 essenorum
361 1913 475 1990 Caeear,
500 1919 537 1978 ut
553 1920 663 1978 narrat
682 1911 754 1990 Dio,
777 1913 929 1982 καθελεῖν
946 1909 1002 1981 οὑκ
1016 1909 1202 1992 ἐτόλμησεν
1214 1926 1258 2014 gip·
1267 1927 1311 1966 ¹¹1¹-
1320 1937 1340 1976 r-

105 2010 145 2084 ois
167 2016 240 2087 τοῖς
264 2010 470 2093 &protectore
488 2012 583 2084 Θεοῖς
606 2006 780 2104 ἱερώμενον,
804 2013 912 2078 tollere
936 2035 1035 2080 aucus
1058 2036 1122 2080 nors
1145 2026 1200 2091 est,

104 2127 141 2179 ut
158 2114 235 2180 belli
249 2115 331 2179 Diis
348 2125 524 2179 somatum.
558 2112 684 2176 Marcus
701 2111 876 2191 Marcellus,
896 2134 966 2199 quae
984 2112 1114 2179 uictoria
1131 2134 1202 2199 pro-

103 2213 177 2278 fana
192 2213 319 2289 iecerat,
336 2211 485 2300 religione
502 2209 669 2298 impeditus
682 2233 744 2277 non
756 2211 871 2299 attigit,
886 2212 931 2276 uit
948 2210 1055 2276 Cicero
1067 2213 1203 2277 Verrina
1215 2225 1264 2273 cao
1273 2225 1302 2263 ν.

106 2319 238 2399 quarta:
264 2319 296 2379 et
311 2310 425 2378 ibidem
437 2310 535 2388 addit,
552 2309 675 2375 ³hostes
689 2331 757 2376 esse
771 2309 901 2396 aliquos,
918 2309 1018 2395 quiin
1035 2309 1115 2374 bello
1132 2309 1202 2374 reli·

107 2483 249 2533 Christianis
263 2483 305 2546 jus
323 2483 430 2544 coniugii
450 2483 476 2528 ln
495 2482 554 2529 talia
576 2481 630 2528 loos
722 2480 930 2541 ’Enipsaverba
940 2479 1035 2528 Poeta:

103 2560 203 2622 profuit,
226 2558 280 2606 vide
296 2559 416 2605 Zosimum
434 2558 495 2604 libro
512 2570 546 2604 su.
565 2558 628 2618 (cap.
725 2572 831 2620 mapa,
852 2582 918 2620 quum
936 2570 1043 2619 „Quom
1061 2573 1105 2612 sm
1123 2573 1204 2614 mm

101 2639 139 2686 40.
153 2635 312 2695 ΕΜοΙῑον.)
323 2634 628 2682 dcTomituns'sBurbaris.
770 2647 826 2675 nrccs

102 2712 174 2760 Adde
188 2711 354 2759 Helvetiorum
369 2710 448 2770 legem
462 2710 527 2769 apud
543 2710 628 2756 Simls.
724 2696 918 2797 ῙΡᾛΗΜΜ
932 2696 1078 2744 immenseque
1094 2696 1165 2736 domos
1180 2706 1204 2736 sc

101 2803 169 2836 mm:
191 2788 325 2849 (ragau.
346 2786 527 2845 nauseo.)
555 2786 629 2833 uses·
724 2759 1201 2869 robustisifflmmmm

102 2869 151 2911 tem
173 2864 268 2921 Alexio,
288 2861 408 2908 Munnelis
423 2860 487 2908 filio:
513 2859 577 2919 (cap.
594 2859 627 2919 4.)

102 2940 204 2986 eundem
213 2938 267 2986 Lib.
279 2951 297 2986 1.
311 2937 340 2982 de
349 2935 492 2992 Asdmsco,
507 2935 549 2980 ubi
560 2933 628 2981 Sicu·
679 2930 747 2992 Sylo.
756 2933 809 2980 Lib.
819 2946 854 2980 su.
866 2932 1095 2993 Sylo.v1.vers.82.
1108 2939 1131 2980 et
1139 2947 1202 2994 seqq.

101 3012 138 3060 los
155 3014 239 3074 culpat
255 3011 400 3059 obviolatae
417 3009 628 3056 Antiocbiensium
677 3007 706 3055 J.
716 3008 751 3056 B.

102 3088 222 3142 ecclesiss,
234 3088 301 3147 (cap.
312 3086 352 3143 9.)
721 3082 801 3130 ⁸Hoc
818 3085 899 3143 paullo
914 3089 971 3132 aute
986 3084 1090 3145 legitur:
1106 3083 1163 3131 Non
1177 3091 1204 3134 ut

146 3172 159 3206 s
172 3163 213 3209 Da
232 3162 288 3208 coelo
304 3176 321 3207 a
342 3160 477 3220 gigantibus
493 3163 628 3220 oppuqnuto
677 3159 708 3204 ab
723 3160 789 3207 toste
802 3162 890 3221 aliquo,
904 3163 947 3221 qui
961 3167 1036 3208 tamen
1051 3163 1077 3207 in
1091 3162 1150 3208 bello
1164 3177 1203 3208 re·

94 3238 209 3297 subulam
223 3238 259 3283 sic
273 3232 483 3294 interpretabatur]
503 3235 537 3280 Ut
552 3240 577 3279 et
591 3234 627 3279 al-
677 3233 790 3293 ls'qiorsum
799 3240 821 3281 et
835 3236 1007 3282 consuetudinis
1012 3236 1076 3295 jura
1087 3237 1203 3294 retineret,

102 3314 180 3358 terum
207 3312 237 3357 dc
257 3311 358 3370 Epopeo
384 3309 505 3354 Diodorus
526 3306 627 3357 Siculus.
680 3305 723 3366 6⁸0.
759 3310 840 3371 Caput
858 3310 884 3356 in
904 3325 946 3358 ora
966 3311 1021 3356 libri
1039 3311 1201 3357 indicavimus,

102 3385 229 3447 [Except.
239 3386 345 3433 Peiresc.
354 3398 413 3445 pag.
419 3386 471 3430 221.
484 3397 498 3430 e
508 3383 560 3430 Lib.
568 3380 627 3442 v11.]
678 3382 705 3430 J.
716 3382 749 3432 B.

103 3632 261 3704 Euripides,
283 3633 420 3705 speaking
444 3633 514 3689 both
541 3634 574 3689 of
599 3635 719 3706 temples
745 3636 803 3690 ond
830 3635 863 3690 of
887 3634 989 3689 tombs.
1035 3632 1201 3705 Apollonius

104 3719 242 3791 haraeus
256 3719 431 3791 interpreted
446 3718 495 3775 the
509 3736 566 3774 war
580 3719 613 3774 of
625 3720 674 3774 the
688 3722 780 3791 giants
795 3721 904 3790 against
918 3719 967 3773 the
981 3720 1050 3790 gods
1065 3727 1201 3789 tomeun,

103 3804 165 3861 that
179 3805 249 3876 they
258 3804 438 3860 violatedthe
449 3806 576 3876 templus.
600 3807 635 3860 In
651 3807 765 3870 Statius,
780 3805 902 3860 Annibal
914 3807 938 3860 is
950 3804 1040 3860 called
1049 3810 1201 3880 sacrilegus,

102 3890 148 3947 for
161 3891 225 3946 that
239 3891 277 3945 he
291 3892 382 3946 Deum
389 3893 457 3962 sace
468 3892 573 3946 micuit
587 3909 660 3955 arcs,
675 3897 727 3962 put
741 3891 790 3946 the
804 3891 886 3946 torch
897 3896 927 3946 to
942 3890 991 3945 the
1006 3891 1087 3948 altar.

154 3984 172 4032 2
196 3977 301 4049 Scipio,
313 3977 393 4031 when
406 3976 546 4048 Carthago
557 3994 613 4031 uas
624 3977 718 4041 taken,
730 3994 799 4048 garo
812 3978 960 4032 donatione
975 3982 1004 4032 ιο
1016 3978 1066 4034 tho
1077 3979 1202 4047 soldiers,

104 4061 987 4135 exceptthosswhohodtmnsgressedagsinstspollo'stemple.
1009 4065 1102 4121 Oaesar
1110 4068 1202 4122 would

104 4155 155 4204 not
177 4155 296 4204 venture
314 4155 344 4204 to
360 4149 474 4221 destroy
489 4148 538 4203 tho
556 4147 660 4219 trophy
677 4148 789 4202 erected
804 4150 843 4222 by
856 4149 1045 4215 Mithridates,
1062 4169 1093 4207 es
1117 4153 1202 4225 being

105 4235 286 4290 consecrated
301 4240 331 4289 to
349 4234 484 4305 thegods.
509 4234 667 4296 Marcellus,
675 4233 809 4288 uitbheld
817 4235 855 4306 by
863 4235 989 4304 religion,
999 4237 1047 4290 did
1056 4244 1108 4294 not
1116 4240 1202 4293 touch

104 4319 179 4375 what
192 4321 303 4392 victory
317 4321 384 4391 only
397 4319 454 4374 hod
468 4319 551 4374 made
565 4319 691 4390 profane,
713 4336 743 4374 as
759 4320 857 4375 Cicero
873 4335 936 4389 says
944 4338 953 4383 3
975 4322 1032 4375 und
1045 4323 1122 4387 adds,
1140 4323 1204 4378 that

106 4405 243 4462 thereare
257 4406 381 4462 enemies
391 4405 462 4472 who,
477 4420 547 4459 even
561 4405 590 4457 in
600 4420 665 4468 war,
679 4410 789 4475 respect
803 4404 852 4459 the
866 4402 956 4473 rights
971 4406 1004 4460 of
1015 4408 1133 4478 religion
1148 4409 1204 4464 und

991 4503 1103 4569 lii—2
