2916 4906
234 194 299 260 304
539 205 593 260 DE
616 204 706 259 FIDE
728 203 849 258 INTER
871 201 1030 259 HOSTES.
1198 197 1272 270 [Ina
1285 201 1339 256 111.

234 369 276 435 de
292 389 355 456 qua
369 368 491 457 agimus
508 367 656 457 obligatio
673 389 713 434 ex
735 365 894 454 promisso.
946 368 1058 451 Neque
1075 386 1150 430 vero
1168 366 1342 452 putandum

235 477 292 545 ast,
310 468 383 554 quia
399 467 480 534 hosti
497 467 607 534 falsum
624 467 727 553 eloqui
743 476 800 532 aut
822 465 924 542 licerc,
942 476 998 530 aut
1020 464 1148 530 crimine
1165 487 1277 532 vacare
1301 489 1341 532 ex

235 567 402 633 multorum
427 566 582 633 sententia
605 588 702 655 supra
726 565 870 640 diximus,
897 563 967 651 pari
992 564 1115 630 ratione
1141 564 1200 629 hoc
1232 573 1266 632 et
1298 566 1340 632 ad

235 665 327 731 fidem
345 667 450 732 (ἰαιοιιι
467 665 580 732 referri
594 687 694 753 posse.
746 663 830 729 Nam
848 686 924 729 vero
943 662 1109 750 eloquendi
1125 663 1275 752 obligatio
1293 673 1342 731 est

235 787 275 830 ex
288 787 389 843 causa,
408 788 478 852 quae
491 764 571 831 bello
588 764 648 831 fuit
661 763 810 839 anterior,
825 772 859 829 et
875 763 956 828 bello
973 762 1038 828 tolli
1051 760 1133 829 forte
1144 762 1341 849 aliquatenus

234 873 357 950 potest:
384 873 419 931 at
443 864 604 951 promissio
626 886 684 951 per
708 885 742 929 se
762 861 816 948 jus
844 883 959 927 novum
985 859 1113 928 confert.
1165 862 1254 929 Vidit
1280 864 1340 930 hoc

236 963 402 1029 discrimen
423 963 610 1030 Aristoteles
633 983 728 1049 quum
749 961 790 1027 de
805 959 975 1047 veriloquio
997 981 1096 1048 agens
1112 961 1176 1027 ait:
1202 957 1238 1031 οὖ
1262 964 1338 1056 περί

237 1066 299 1130 τοῦ
324 1059 361 1131 ἕν
381 1064 456 1137 ταῖς
480 1058 672 1153 ὁμολογίαις
692 1055 910 1143 ἀληθεύοντος
934 1053 1093 1147 λέγομεν,
1120 1053 1185 1129 οὐδ’
1205 1058 1270 1130 ὅσα
1295 1065 1339 1137 είς

236 1155 356 1230 ἀδικίαν
380 1160 433 1231 καί
458 1155 656 1243 ιλκαιοσιίνην
681 1160 848 1237 συντείνει,
873 1153 978 1239 ίίλληι
1005 1155 1077 1254 ’γὰρ
1098 1154 1139 1229 ἂν
1160 1157 1211 1240 sip
1238 1157 1337 1230 ταῦτ’

236 1259 369 1355 ἀρετῆς·
395 1285 459 1328 aon
483 1265 523 1328 ele
546 1284 580 1327 eo
609 1262 781 1347 aquina,
807 1260 868 1342 qai
892 1261 930 1323 ι’νι
954 1261 1215 1325 conventionibus
1237 1284 1339 1327 οονακ

236 1375 292 1437 eat,
318 1374 348 1427 et
377 1363 484 1427 iniis
513 1384 585 1447 qua
611 1363 657 1425 aa
673 1361 843 1444 justitiam
867 1370 898 1423 et
927 1358 1129 1442 injustitiam
1146 1362 1338 1444 pertinent:

235 1473 311 1526 sunt
328 1463 412 1526 enim
429 1463 497 1526 bac
514 1461 652 1526 alterius
669 1460 813 1524 virtutis.

72 1575 221 1625 cnaeus-
310 1563 333 1623 4
366 1559 537 1624 Pausaniss
559 1558 718 1624 Arcadicis
744 1557 784 1622 de
808 1555 955 1642 Philippo
968 1555 1157 1623 Macedone:
1182 1586 1334 1646 στρατη·

235 1653 301 1747 ‘yda
317 1654 450 1747 dyadis
466 1653 523 1726 οιίκ
540 1653 581 1727 ἅν
605 1687 654 1731 τις
672 1653 801 1751 φρονῶν
817 1651 901 1745 ὀρθοί
924 1650 1093 1724 καλέσειεν
1110 1651 1219 1725 αὐτόν·
1237 1655 1271 1730 lie
1289 1686 1336 1748 'ys

235 1758 288 1824 καί
314 1755 429 1850 ὅρκους
455 1757 537 1826 θεῶν
560 1755 795 1837 κατεπάτησεν
818 1751 879 1830 del,
907 1754 960 1821 καί
986 1747 1132 1828 σπονδιίο
1151 1753 1207 1824 ἐπί
1233 1756 1336 1826 παντί

233 1853 418 1944 ἐψεύσατο,
446 1858 562 1926 πίστιν
587 1886 628 1925 το
657 1852 800 1937 ἠτίμασε
826 1859 978 1933 μάλιστα
1008 1851 1195 1945 ἀνθρώπων·
1220 1858 1334 1921 bortum

234 1979 305 2021 eam
333 1959 566 2042 Imperatorem
588 1978 678 2022 nemo
704 1967 788 2021 recte
815 1955 987 2029 vocaverit,
1011 1966 1049 2019 ut
1078 1955 1137 2040 qui
1155 1977 1220 2040 pro
1247 1977 1336 2022 more

233 2057 384 2121 habuerit
404 2055 643 2140 jusjurandum
670 2066 874 2126 contemnere,
899 2054 1000 2134 fidem
1025 2055 1141 2139 quavis
1168 2056 1335 2120 occasione

233 2156 366 2230 uiolare,
393 2156 445 2219 ita
471 2167 512 2220 ut
540 2155 625 2219 nulli
652 2155 777 2219 bomini
794 2154 878 2235 fides
903 2151 1001 2216 uilior
1018 2153 1138 2237 suerit.
1188 2151 1335 2219 Valerius

90 2270 95 2307 ἱ
148 2297 153 2307 ·
235 2252 391 2318 Maximus
406 2252 446 2319 de
467 2253 636 2319 Annibale:
661 2253 777 2318 bellum
799 2253 955 2316 aduersus
968 2252 1127 2336 papalum
1149 2253 1335 2317 Romanum

234 2366 265 2418 et
290 2353 428 2417 Italiam
453 2353 626 2437 professus,
653 2355 808 2417 αάοονονο
832 2351 942 2434 ipsam
958 2350 1060 2431 fldem
1087 2352 1200 2416 acrius
1224 2353 1334 2436 pessit,

234 2454 414 2518 mendaciis
430 2463 460 2518 et
466 2452 617 2537 fallacia
633 2453 728 2535 quasi
741 2449 916 2535 praeclaris
933 2450 1062 2514 artibus
1076 2451 1244 2534 gaudens:
1269 2472 1335 2535 pao

280 2626 287 2654 ¹
304 2627 348 2672 Est
358 2627 421 2686 apud
433 2626 579 2673 Homerum:
809 2623 890 2669 moria
900 2622 965 2678 vitio,
976 2637 1069 2668 sensum
1082 2628 1106 2669 et
1120 2624 1204 2670 seriem
1221 2623 1336 2669 orationis

460 2703 541 2752 κέρδιον
549 2700 599 2751 ἡμῖν
808 2696 958 2742 immutavits
968 2698 1168 2755 quemadmodum
1179 2698 1251 2743 etiarn
1261 2701 1284 2742 in
1293 2713 1336 2743 ora

243 2767 351 2818 Ἐλπομαι
359 2767 498 2815 ἐκτελέεσθαι.
512 2768 546 2809 ἵνα
554 2768 583 2819 νὴ
595 2768 681 2820 peceato
689 2765 734 2808 ⁹3⁸«-
808 2771 863 2816 libri
872 2772 987 2830 scriptum
994 2776 1053 2828 erat,
1063 2772 1140 2819 iliad.
1152 2775 1183 2818 X.
1195 2786 1240 2831 pro
1256 2772 1336 2818 Iliad.

233 2843 492 2888 i.e.ntbenevertunt
506 2843 584 2888 ultimi
599 2845 659 2889 lntt.
677 2844 759 2902 Quare
813 2849 842 2894 H.
868 2847 895 2893 J.
904 2848 936 2893 B.

233 2918 295 2963 nibil
317 2917 374 2964 utile
389 2918 456 2963 nobis
476 2923 571 2963 autumo
593 2920 696 2979 efferim
716 2920 758 2978 iri,
853 2922 1027 2968 enucleatum
1042 2939 1088 2969 non
1108 2924 1228 2983 committi]
1244 2925 1336 2970 Seneca

233 2993 281 3036 nisi
283 2993 413 3050 fecerimus
421 2992 463 3048 ita,
469 2992 566 3047 scilicet,
575 2993 619 3037 nisi
631 2994 758 3040 reddemus
809 2999 834 3043 in
844 2998 972 3056 Etccrptis
984 3012 1018 3043 ιν.
1030 3001 1051 3045 7.
1083 2998 1139 3044 Νοιι
1147 3000 1232 3058 patavi
1242 3000 1335 3045 adulte·

234 3066 360 3115 llelenam.
393 3067 431 3110 Sic
446 3065 543 3111 Auctor
559 3071 646 3123 noster,
662 3082 691 3113 ex
707 3083 758 3115 me·
808 3073 878 3130 τίιννιι,
898 3088 993 3120 uxorem
1012 3075 1109 3133 ῳνανινιί
1121 3075 1246 3133 polluere:
1273 3076 1335 3121 sicut

570 3213 577 3217 .
592 3212 972 3220 -.—--.-—-—-—..-——.--
985 3216 1000 3221 -

233 3315 304 3378 that,
322 3313 442 3369 became
458 3319 487 3369 to
507 3314 558 3369 tell
574 3332 591 3369 a
605 3315 752 3372 falsehood
767 3324 797 3374 to
816 3336 853 3373 en
873 3337 974 3392 enemy
991 3337 1057 3391 may
1071 3320 1162 3374 either
1176 3319 1213 3374 bc
1226 3320 1332 3383 lawsul,

232 3418 266 3455 or
287 3407 318 3454 at
340 3401 419 3464 least,
441 3401 593 3465 allowablc,
615 3403 765 3474 according
785 3410 815 3459 to
834 3405 883 3460 thc
899 3407 1013 3476 opinion
1032 3407 1065 3460 of
1077 3422 1162 3474 many
1179 3403 1222 3471 (as
1238 3407 1333 3460 stated

233 3484 343 3551 above),
359 3486 422 3540 that
436 3486 474 3556 by
489 3488 581 3560 purity
593 3488 626 3540 of
640 3505 741 3543 reason
758 3490 814 3545 this
829 3508 893 3563 may
906 3492 964 3546 also
976 3492 1011 3545 bo
1024 3498 1087 3546 trus
1105 3491 1138 3544 of
1150 3491 1222 3544 saith
1237 3493 1330 3561 given

232 3572 289 3624 For
304 3572 352 3626 tho
373 3573 525 3643 obligation
541 3575 574 3626 of
592 3575 727 3645 speaking
748 3575 797 3630 tha
821 3577 899 3631 truth
919 3578 1004 3632 uriscs
1019 3577 1092 3632 from
1108 3593 1125 3630 a
1139 3593 1221 3630 cause
1239 3577 1331 3630 which

232 3672 287 3709 was
302 3659 426 3710 anterior
441 3664 470 3711 to
486 3658 534 3713 the
549 3676 613 3720 war,
630 3662 685 3714 and
700 3678 765 3731 may
779 3662 909 3733 perhaps,
927 3663 955 3714 in
972 3679 1049 3716 some
1065 3663 1175 3732 degree
1190 3661 1226 3715 be
1245 3663 1331 3716 taken

232 3757 309 3810 away
324 3741 361 3810 by
374 3742 422 3794 tho
434 3760 491 3795 war
499 3764 506 3807 ;
529 3745 581 3798 but
593 3762 610 3798 a
624 3748 746 3816 promise
761 3749 793 3801 of
804 3749 884 3802 itself
892 3749 1002 3802 confers
1017 3765 1035 3801 a
1049 3765 1109 3801 new
1125 3747 1208 3817 right.
1254 3747 1332 3802 Aris·

232 3825 302 3880 totle
317 3842 372 3878 saw
387 3827 442 3880 this
457 3829 607 3884 differonoe
623 3831 702 3884 when
717 3832 753 3886 he
768 3834 836 3897 said,
854 3835 891 3886 In
902 3834 1030 3904 specle-iay
1042 3836 1077 3906 os
1086 3835 1172 3886 Truth
1187 3842 1217 3886 at
1223 3842 1332 3903 present

232 3928 270 3964 wc
287 3928 366 3962 mean
385 3911 525 3982 Sincerity‚
547 3916 630 3968 which
649 3917 671 3969 is
689 3920 803 3986 opposed
819 3929 845 3972 to
863 3920 1007 3980 Preteneer
1025 3928 1072 3972 aot
1092 3920 1178 3972 Trutlt
1200 3936 1233 3970 or
1253 3919 1333 3972 oooa

231 3997 322 4059 Faitb,
337 3997 420 4049 cubicis
441 3999 542 4066 applica
564 4010 590 4052 to
610 4011 751 4066 contracto,
766 4005 819 4076 sor
841 4005 892 4058 this
914 4006 1017 4074 belongs
1039 4013 1065 4059 to
1088 4005 1199 4059 another
1227 4005 1330 4061 Virtuo.

231 4081 297 4134 Eeb.
314 4083 376 4135 Nic.
393 4096 431 4134 ιν.
449 4088 490 4136 13.

290 4174 307 4219 4
331 4167 484 4220 Pausanias
496 4184 558 4237 says
572 4169 604 4222 of
613 4170 706 4240 Philip
719 4172 752 4224 of
760 4172 907 4237 Macedon,
917 4174 979 4228 that
990 4175 1027 4228 he
1037 4175 1119 4228 could
1133 4181 1183 4229 not
1195 4174 1231 4229 bo
1239 4173 1332 4229 called

231 4269 249 4306 a
262 4259 342 4324 grant
356 4253 479 4323 general,
493 4252 537 4307 for
551 4252 587 4307 ho
606 4272 661 4308 was
683 4256 711 4308 in
727 4257 775 4310 the
789 4256 869 4312 habit
885 4260 917 4313 es
928 4260 1064 4330 breaking
1078 4260 1121 4314 his
1136 4260 1272 4331 promises
1293 4278 1331 4315 on

230 4354 314 4410 every
330 4339 466 4393 occasion.
507 4340 544 4394 So
565 4339 695 4396 Valerius
710 4343 848 4398 Maximus
867 4344 899 4398 oi
916 4346 1047 4402 Annibal.
1086 4346 1148 4401 The
1163 4346 1281 4416 Trojano
1302 4348 1332 4400 in
