2916 4906
270 466 511 532 VOLUIIINE
538 465 702 531 TERTIO
732 465 1021 531 OONTINETUR

444 624 601 684 LIBER
624 624 853 684 TERTIUS.

165 847 171 859 .
268 799 423 868 Quantum
443 799 473 857 in
491 799 574 858 Bello
594 801 686 872 liceat,
706 800 812 877 regule
831 798 974 878 generales
987 817 1022 857 ex
1036 798 1107 859 Jure

310 901 450 962 Neturae:
472 902 523 960 nbi
537 910 566 960 et
580 902 615 960 de
628 903 701 961 dolis
714 909 744 960 et
757 900 905 960 mendacio
1010 947 1017 962 .
1100 947 1106 960 .
1190 903 1203 959 1

175 1051 183 1062 .
272 1004 428 1072 Quomodo
437 1005 509 1062 Jure
519 1005 659 1064 Gentium
672 1005 747 1064 bons
756 1003 938 1064 subditorum
948 1023 1001 1082 pro
1012 1003 1109 1064 debito

308 1109 512 1184 imperantium
527 1109 702 1186 obligentur:
726 1107 775 1167 ubi
791 1108 825 1167 de
840 1107 1027 1184 Repressnliis
1061 1152 1068 1166 .
1169 1108 1204 1167 41

184 1259 191 1271 .
269 1211 317 1269 De
339 1211 421 1269 Bello
440 1212 461 1269 J
463 1220 527 1271 ueto
548 1212 608 1270 sive
627 1212 734 1271 solenni
750 1212 815 1288 jure
832 1209 979 1288 gentium:
1000 1210 1051 1270 ubi
1074 1211 1110 1270 de

309 1314 469 1374 Indictione
567 1355 1108 1373 .......
1168 1314 1208 1374 63

136 1420 194 1478 IV.
271 1418 320 1475 De
333 1419 398 1493 juro
412 1418 597 1476 interficiendi
612 1418 706 1477 hostes
723 1418 753 1476 in
768 1416 850 1475 Bello
867 1415 984 1483 solenni,
1004 1423 1034 1477 et
1053 1416 1110 1476 olis

310 1523 339 1579 vi
353 1522 382 1578 in
397 1542 500 1598 corpus

143 1627 184 1684 V.
270 1626 319 1684 De
333 1626 415 1684 rebus
430 1627 577 1685 vastandis
590 1625 797 1704 eripiendisque
923 1670 930 1684 .
1011 1668 1018 1682 .
1100 1669 1107 1683 .

137 1729 197 1788 VI.
273 1730 320 1788 De
334 1729 404 1788 Jure
418 1731 581 1807 acquirendi
596 1730 676 1788 Bello
690 1738 776 1808 capte
859 1774 867 1789 .
949 1773 957 1788 .
1040 1774 1047 1789 .

124 1832 201 1890 Vll.
270 1832 317 1890 De
331 1818 402 1890 Iure
416 1833 445 1889 in
460 1832 600 1909 Captivos
654 1875 1107 1892 ......
1151 1830 1208 1889 148

117 1932 213 1992 VIII.
273 1934 320 1992 De
333 1934 452 2012 imperio
465 1934 495 1992 in
511 1933 613 1993 Victos
682 1978 1048 1995 .....
1076 1937 1080 1944 ’
1151 1933 1204 1993 161

134 2038 193 2096 IX.
270 2036 316 2095 Dc
330 2038 511 2096 Postliminio
561 2082 1107 2100 .......
1150 2037 1209 2107 167

140 2141 183 2199 X.
274 2140 387 2198 Monitu
401 2140 503 2213 dehis,
525 2161 588 2217 quse
602 2140 677 2199 fiunt
691 2141 721 2199 iu
735 2141 818 2200 Bello
832 2141 940 2218 injusto
1039 2187 1047 2202 .
1150 2140 1208 2200 188

134 2243 195 2302 XI.
274 2244 540 2320 Tempcrnmeutum
552 2244 625 2302 circe
635 2246 684 2322 jus
695 2244 881 2304 interficiendi
895 2245 925 2304 iu
937 2245 1018 2304 Bello
1028 2245 1109 2323 justo
1150 2245 1208 2304 196

127 2347 207 2405 XII.
275 2347 544 2423 Temperamentum
559 2347 632 2404 circa
645 2347 834 2406 vastationem
847 2347 995 2406 etsimilio
1038 2390 1046 2406 .
1148 2348 1207 2406 229

119 2450 217 2509 XIII.
273 2449 539 2525 Temperamcutum
554 2449 628 2506 circa
641 2469 684 2509 res
698 2450 807 2527 Oeptes
903 2496 909 2508 .
993 2496 1000 2510 .
1081 2496 1088 2511 .
1149 2451 1209 2511 248

121 2552 214 2610 XIV.
275 2552 544 2627 Tempernmentum
559 2551 632 2609 circo
646 2552 784 2629 Coptos.
865 2595 872 2609 .
953 2595 960 2610 .
1042 2596 1049 2610 .
1149 2553 1209 2612 254

129 2654 203 2712 XV.
276 2654 544 2729 Tempcrnmcntum
561 2652 634 2710 circa
647 2652 863 2729 acquisitionem
877 2651 990 2728 imperii
1079 2698 1086 2712 .
1149 2655 1208 2715 269

120 2756 215 2816 XVI.
277 2758 545 2834 Temperamcntum
559 2755 633 2813 circe
645 2775 688 2824 en,
704 2774 769 2833 quae
783 2754 803 2812 J
805 2775 854 2813 ure
868 2753 1008 2814 Gentium
1023 2755 1109 2816 Post·

312 2859 421 2916 liminio
435 2864 532 2916 carent

110 2962 223 3023 XVII.
276 2962 322 3020 De
336 2963 380 3020 his
394 2961 444 3039 qui
459 2961 489 3019 in
503 2959 585 3018 Bello
598 2959 684 3018 medii
697 2965 766 3019 sunt
815 3005 822 3018 .
903 3005 911 3020 .
992 3006 1000 3022 .
1081 3007 1088 3023 .

99 3066 231 3125 XVIII.
274 3065 319 3122 De
333 3065 378 3122 his
391 3083 456 3141 quen
469 3063 499 3121 in
514 3061 596 3122 Bello
609 3063 725 3141 publico
738 3062 874 3140 priuatim
888 3064 963 3124 fiunt
1038 3110 1044 3125 .

121 3169 217 3228 XIX.
276 3169 321 3225 De
335 3167 406 3224 Fido
421 3166 495 3225 inter
509 3167 616 3227 Hostes

125 3273 204 3330 XX.
276 3271 321 3329 De
334 3271 406 3329 Fide
419 3271 534 3346 publicu
554 3290 611 3349 quo
632 3269 746 3328 Bellum
767 3268 883 3328 finitur:
905 3271 955 3330 ubi
977 3272 1013 3331 de
1030 3274 1109 3350 pacis

312 3374 450 3451 pactione,
465 3375 500 3431 de
513 3381 596 3447 sorte,
611 3375 647 3433 do
660 3373 812 3432 certamine
825 3374 964 3449 condicto,
985 3376 1021 3436 de
1033 3377 1108 3435 arbi·

313 3477 378 3548 trio,
399 3477 551 3549 deditione,
572 3477 729 3548 obsidibus,
750 3475 919 3552 pignoribus
953 3522 961 3536 .
1041 3523 1049 3538 .
1148 3481 1208 3540 330

122 3578 221 3637 XXI.
279 3577 324 3634 De
338 3578 408 3637 Fido
421 3588 553 3638 manente
567 3579 658 3652 Bello,
680 3579 732 3638 ubi
745 3578 779 3637 do
791 3578 924 3655 induciis,
937 3588 1108 3656 commeatu,

318 3682 495 3758 captivorum
509 3684 682 3743 redemtione
723 3726 1089 3745 .....
1148 3688 1208 3746 363

109 3784 225 3845 XXII.
279 3783 324 3842 De
338 3784 407 3844 Fide
420 3789 562 3846 minorum
577 3787 758 3845 Potestntum
772 3787 802 3844 iu
817 3787 900 3846 Bello
953 3835 960 3847 .
1042 3834 1049 3848 .
1148 3791 1208 3850 383

101 3887 234 3948 XXIII.
276 3888 322 3945 De
336 3888 406 3948 Fide
420 3890 539 3947 Privato
552 3889 581 3946 in
596 3888 679 3947 Bello
726 3933 1089 3952 .....
1148 3894 1209 3953 392

101 3987 231 4049 XXIV.
274 3990 320 4046 De
333 3989 404 4048 Fide
417 3991 516 4050 Tacito

113 4091 223 4151 XXV.
275 4093 435 4166 Conclusio,
450 4114 516 4151 cum
529 4095 646 4154 monitis
660 4095 697 4153 nd
711 4094 797 4153 fidem
811 4102 953 4173 etpecem
991 4142 998 4156 .
1080 4144 1088 4158 .
1148 4099 1208 4161 404

279 4245 370 4304 Index
384 4267 477 4305 rerum
492 4249 712 4325 praecipuarum,
727 4268 760 4306 ec
775 4249 926 4310 verborum
952 4295 959 4310 .
1039 4297 1047 4312 .
1149 4252 1205 4312 411

279 4348 370 4406 Iudex
385 4351 572 4427 Scriptorum,
586 4360 639 4410 otc.
725 4397 731 4410 .
905 4399 913 4413 .
993 4396 1001 4412 .
1082 4397 1088 4410 .
1149 4355 1209 4415 442

281 4451 457 4528 Conspectus
472 4453 643 4511 Editionum
684 4498 691 4512 .
866 4500 874 4515 .
954 4496 962 4512 .
1042 4501 1049 4517 .
1148 4456 1208 4516 445

573 4571 845 4689 eunoun
