2916 4906
675 410 818 476 CAPUT
841 412 915 477 Vll.

561 576 612 631 DE
634 576 733 633 JURE
755 576 800 634 IN
821 575 1018 632 CAPTNOS.

282 733 305 787 1.
347 732 444 787 Omnes
466 740 557 802 captos
580 730 644 784 bollo
664 729 766 785 solenni
919 729 1000 800 ροισι

340 819 405 889 juro
417 817 535 887 qontium
546 832 632 870 servos
639 816 721 888 fieri:
835 814 900 867 VH.
920 813 968 867 An
981 823 1005 868 et
1016 815 1123 869 domim
1135 814 1273 869 noidant

271 901 311 955 11.
344 903 487 957 Eteorum
497 910 623 972 posteros.
826 899 907 953 VIII.
922 900 974 953 Juo
998 901 1045 954 hoo
1070 917 1126 953 non
1151 900 1228 970 apud
1249 917 1336 956 omnes

265 987 319 1041 ΙΙΙ.
347 988 383 1040 Io
391 1004 432 1042 eos
443 987 548 1058 quidone
561 988 670 1057 impune
677 983 751 1057 fieri.
919 993 1005 1055 qmtos
1019 1002 1120 1056 semper
1133 985 1289 1039 obtinuisse:

265 1072 317 1126 IV.
347 1073 402 1126 Res
415 1080 564 1143 captorum,
581 1072 661 1125 ctiam
675 1071 764 1124 ineos-
840 1069 892 1124 IX.
920 1071 975 1124 Noe
1007 1086 1079 1124 nono
1117 1071 1231 1125 obtimo
1268 1071 1338 1124 inter

344 1157 460 1228 peralto,
473 1157 612 1210 dominum
625 1155 705 1225 sequi.
919 1153 1102 1216 Christiano„
1125 1164 1149 1211 et
1174 1155 1241 1226 quid
1261 1155 1285 1210 oi
1303 1155 1338 1210 sit

275 1242 311 1298 V.
348 1242 438 1297 Castro
449 1241 727 1296 ouridoomtitutuos
920 1248 1102 1310 surroyotum.

269 1327 321 1381 v1.
348 1325 446 1381 Auito
460 1327 545 1396 eapte
556 1326 658 1380 licitum
668 1326 702 1379 eit
709 1326 765 1394 fu·

240 1475 266 1539 1.
319 1475 337 1538 1
431 1472 538 1538 ERVI
562 1478 676 1536 notura
699 1467 834 1555 quidem,
855 1467 965 1546 idest,
989 1467 1069 1535 citro
1088 1467 1203 1535 foetum
1228 1470 1337 1536 huma·

455 1592 529 1636 num
558 1578 614 1634 aut
640 1567 789 1655 primevo
811 1574 933 1632 nature
959 1576 1052 1645 stetu,
1073 1568 1232 1634 hominum
1260 1568 1338 1634 nulli

240 1680 323 1749 sunt,
340 1674 397 1735 ⁸ut
410 1678 444 1735 et
459 1667 533 1735 alibi
549 1667 700 1732 diximus:
726 1687 788 1752 quo
804 1685 897 1730 sensu
914 1674 1000 1731 reete
1016 1665 1114 1752 sooipi
1131 1675 1234 1753 potest
1253 1666 1338 1753 quod

75 1786 213 1874 malj-hg·
241 1766 500 1856 ojurisoonsultis
520 1765 636 1831 dietum
660 1772 718 1841 est,
741 1771 851 1829 eontra
870 1772 1013 1829 usturam
1031 1785 1098 1829 esse
1111 1765 1192 1830 hano
1207 1764 1338 1830 servitu·

76 1878 166 1917 ’Μ
240 1878 323 1934 tom:
347 1874 383 1933 nt
409 1874 514 1932 tamen
542 1862 624 1929 fecto
652 1861 793 1936 hominis,
820 1860 854 1925 id
881 1869 938 1938 est,
963 1861 1106 1948 pactione
1134 1870 1190 1929 eut
1214 1861 1337 1939 delicto,

240 1966 373 2032 servitus
398 1963 549 2052 originem
578 1962 743 2047 occiperet,
766 1958 897 2047 justitior
920 1959 1055 2026 nutureli
1080 1982 1143 2026 non
1171 1968 1337 2050 repugnat,

239 2057 296 2130 1ἰιι
311 2062 385 2129 slibi
402 2083 525 2150 quoque
541 2059 738 2126 ostendimus.
1085 2061 1088 2066 '

311 2163 332 2226 2
363 2162 408 2226 At
433 2182 470 2226 eo
500 2159 627 2244 dequo
654 2179 737 2222 nune
765 2155 886 2244 agimus
913 2157 1053 2244 gentium
1075 2155 1149 2243 jure
1177 2157 1338 2245 eliquanto

241 2259 334 2326 letius
351 2268 438 2346 putet
455 2256 598 2331 servitus,
624 2265 691 2322 tum
713 2253 816 2341 quoad
839 2276 996 2341 personas,
1015 2263 1082 2320 tum
1098 2256 1201 2342 quood
1218 2258 1336 2323 effecte

241 2360 323 2423 Nam
341 2377 489 2445 personas
510 2355 537 2420 si
558 2363 743 2441 spectemus,
759 2374 821 2417 non
842 2352 899 2417 soli
915 2352 968 2438 qui
985 2374 1019 2418 se
1036 2353 1156 2420 dedunt
1171 2363 1227 2421 snt
1241 2353 1339 2420 servi·

241 2466 340 2524 tutem
368 2455 555 2543 promittunt
584 2474 641 2539 pro
669 2450 767 2517 serris
795 2450 970 2516 habentur:
995 2451 1051 2516 sed
1080 2474 1186 2519 omnes
1214 2452 1338 2518 omnino

285 2623 297 2647 ⁸
315 2613 348 2661 Ut
363 2616 385 2658 et
402 2611 464 2658 alibi
477 2606 592 2669 dixissen]
610 2608 684 2654 Libro
699 2620 727 2654 ιι.
741 2621 764 2655 e.
811 2606 957 2665 erimperto
968 2621 1019 2654 eum
1029 2623 1079 2654 eum
1090 2608 1224 2657 Laomedon
1239 2615 1338 2668 arceret,

240 2688 297 2735 xxii.
309 2686 323 2747 5
335 2690 370 2734 11.
812 2681 902 2727 occisus
911 2683 1102 2742 &Istumne
1111 2684 1216 2732 Hesione
1223 2687 1339 2744 tetls'jm

284 2762 296 2795 b
315 2762 348 2809 Ut
357 2761 418 2808 αιιιι
427 2773 518 2821 quoque
526 2756 675 2816 ostendimus]
691 2755 764 2803 Libro
812 2755 907 2802 metm«
917 2757 997 2802 comitr·
1010 2758 1130 2804 Telamoni
1139 2759 1231 2806 traditu
1243 2766 1284 2818 est,
1296 2761 1338 2822 qui

241 2850 271 2883 ιι.
282 2849 336 2895 esp.
346 2850 369 2880 v.
380 2835 395 2895 5
406 2836 443 2882 2²1.
809 2831 904 2890 primm
913 2832 1051 2878 assederat
1062 2846 1160 2890 mmm,
1172 2833 1233 2881 unde
1252 2835 1339 2882 Teuoer

287 2908 377 2954 cneus
400 2904 461 2967 lene]
487 2905 583 2952 Servius
609 2905 640 2952 sd
662 2905 764 2965 pmmum
813 2911 883 2951 natus
900 2911 941 2951 est.
973 2906 1040 2952 Idem
1058 2906 1089 2953 sd
1106 2920 1132 2953 x.
1152 2907 1269 2955 AEneidor
1281 2922 1338 2955 een·

241 2981 358 3030 AEneidos
376 2981 446 3041 (vers.
467 2979 521 3039 619)
550 2979 580 3025 de
602 2979 717 3025 Hercule:
749 2993 766 3023 a
814 2979 869 3025 dem
879 2979 1251 3029 norrenshlstorismOEeeiom
1260 2982 1338 3030 (ἕπει

550 3121 661 3128 ,----

385 3228 523 3283 Cunerum
537 3227 602 3281 v11.
643 3226 734 3296 Ostha
748 3227 832 3298 style
846 3244 907 3281 over
920 3228 1063 3283 Prieoners
1073 3230 1111 3298 os
1120 3228 1198 3282 Wor.

299 3357 323 3410 I.
362 3359 376 3408 l
400 3354 443 3423 By
454 3358 563 3416 nature,
574 3350 679 3416 thetis,
692 3353 720 3406 in
732 3351 781 3408 the
790 3353 926 3424 primewul
940 3359 1012 3408 stete
1024 3353 1058 3408 of
1069 3359 1178 3417 nature,
1189 3354 1246 3408 end
1256 3355 1337 3410 with·

241 3447 292 3495 out
306 3439 355 3493 tho
369 3444 416 3492 sot
437 3437 471 3492 of
481 3455 555 3501 mun,
575 3454 612 3491 no
626 3451 693 3492 men
707 3453 756 3492 sre
777 3438 874 3502 slaves,
893 3455 924 3493 os
943 3456 983 3493 we
1005 3440 1076 3493 huwe
1093 3439 1244 3494 elsewhere
1261 3439 1336 3504 suid3

240 3524 298 3578 und
312 3524 341 3576 in
359 3523 415 3577 this
429 3539 509 3577 senso
524 3539 565 3577 we
582 3539 647 3593 moy
659 3531 752 3578 essent
766 3530 797 3578 to
811 3523 886 3578 whst
897 3524 946 3578 tho
956 3525 1054 3592 jurists
1073 3541 1131 3596 say,
1147 3523 1209 3578 thet
1229 3523 1337 3596 slsrery

240 3610 264 3664 is
278 3609 387 3679 against
401 3615 509 3663 nature.
555 3608 612 3662 But
626 3608 688 3662 thet
702 3609 811 3681 slswery
822 3608 923 3663 should
942 3609 1015 3664 hswo
1030 3610 1065 3664 its
1078 3610 1167 3679 origin
1187 3609 1217 3662 in
1231 3608 1337 3663 humen

240 3700 295 3758 not,
308 3693 369 3748 thet
381 3695 412 3758 is,
424 3695 454 3747 ln
466 3694 633 3748 convention
648 3710 681 3748 or
695 3693 789 3758 delict,
804 3695 827 3749 is
847 3700 898 3749 not
917 3700 1075 3766 repugnent
1094 3700 1124 3748 ιο
1145 3694 1258 3748 natural
1277 3696 1337 3765 jus·

240 3780 304 3840 tioe,
320 3795 351 3833 us
365 3796 406 3832 we
420 3778 491 3832 here
503 3779 561 3833 eleo
576 3778 679 3833 shown.

299 3869 316 3916 2
341 3865 398 3917 But
410 3863 447 3934 by
462 3862 510 3917 the
525 3864 591 3917 lnws
606 3863 639 3918 of
655 3865 775 3928 notione,
790 3863 824 3918 of
832 3862 922 3917 which
936 3881 978 3918 we
1001 3879 1064 3917 now
1078 3863 1173 3934 speek,
1189 3862 1298 3935 elevery
1314 3863 1338 3917 is

149 3943 151 3948 ’
241 3964 320 4002 more
343 3946 579 4017 comprehensive,
601 3948 670 4001 both
692 3965 722 4001 es
746 3955 776 4002 to
791 3964 914 4019 persons,
937 3949 992 4002 end
1018 3949 1122 4003 etl'eots.
1166 3949 1230 4011 For,
1253 3949 1280 4001 if
1297 3962 1339 4002 we

241 4033 343 4104 regurd
357 4032 406 4086 the
418 4047 541 4102 persons,
554 4033 577 4086 ἱι
591 4033 614 4085 is
629 4041 679 4086 not
694 4032 774 4087 those
792 4033 858 4105 only
872 4033 934 4088 who
947 4033 1098 4088 sumendos·
1109 4032 1286 4095 themselves,
1306 4047 1340 4085 or

241 4118 363 4189 promise
385 4117 502 4189 elevery,
517 4115 578 4170 who
593 4133 641 4170 ore
659 4118 799 4172 rechonod
816 4117 923 4183 slnwes3
944 4119 995 4173 but
1016 4118 1055 4173 sll
1072 4134 1187 4189 persons
1197 4116 1340 4172 whatever

241 4202 304 4258 who
318 4219 366 4257 ere
379 4202 463 4257 taken
478 4203 508 4256 in
527 4219 545 4256 e
558 4201 670 4272 regular
688 4219 753 4266 wer,
770 4219 800 4256 ss
821 4218 889 4257 soon
911 4220 942 4258 ss
962 4203 1030 4276 they
1051 4219 1100 4257 ere
1117 4201 1241 4272 brought
1263 4203 1340 4256 istm

238 4289 378 4360 proeidio,
393 4304 424 4343 us
438 4288 611 4361 Pomponius
623 4304 694 4361 says.
726 4288 787 4342 Nor
798 4288 822 4343 is
837 4287 923 4345 delict
937 4288 1090 4360 requisit03
1108 4287 1157 4343 tho
1168 4287 1211 4343 lot
1221 4287 1256 4341 ol
1265 4287 1340 4344 ullis
