2916 4906
259 205 323 268 240
377 214 731 271 TEMPERAMENTUM
754 217 867 272 einos
889 216 1168 276 vessaniensis
1218 218 1293 288 [irus.
1304 220 1358 278 111.

332 377 392 442 VI.
437 378 456 440 1
489 377 563 440 Ηοο
580 397 654 442 vero
672 374 751 443 siout
772 376 805 441 in
821 377 888 443 aliis
903 379 1091 445 ornamentis
1110 379 1195 449 valet
1216 383 1257 448 ob
1280 405 1358 462 eam
1451 428 1455 444 .

259 496 353 560 quam
373 474 440 560 jam
460 473 602 550 diximus,
620 496 764 540 causam
788 475 833 541 ita
855 476 996 563 specialis
1016 477 1097 543 ratio
1116 479 1237 546 aceedit
1255 481 1290 545 in
1312 481 1359 560 iis,

160 641 163 646 Α
259 595 329 659 quse
345 572 439 639 sacris
455 571 561 637 usibus
577 571 679 639 dicata
696 582 787 639 aaut:
804 594 981 662 quanquam
998 575 1081 640 enim
1095 584 1129 643 et
1143 578 1221 660 hec,
1241 586 1276 645 ut
1287 579 1360 646 alibi

258 671 401 748 diximus,
427 670 549 757 publica
571 692 627 737 suo
647 671 739 738 modo
762 681 844 749 aaut
870 681 965 759 atque
989 673 1059 740 ideo
1082 673 1207 763 impune
1230 698 1290 764 per
1307 678 1360 765 jus

258 770 398 859 gentium
413 769 579 847 violantur,
597 778 702 835 nmen
718 769 745 834 si
760 769 877 837 nullum
892 771 966 838 inde
982 772 1152 858 periculum
1169 775 1220 852 sit,
1238 798 1361 842 conser-

260 868 425 935 veritalis
453 867 582 934 aedilicia
605 879 638 936 et
661 890 731 955 quse
756 868 801 934 eis
823 871 982 949 aoeedunt,
1000 864 1124 939 ¹suadet
1148 895 1254 940 rerum
1280 875 1361 942 diri·

96 991 234 1039 spensa
259 990 370 1033 narum
395 966 580 1044 reverentia,
606 967 689 1034 inter
711 989 765 1032 eos
788 968 931 1046 maxime,
953 970 1007 1055 qui
1032 970 1165 1040 eundem
1190 974 1293 1038 Deum
1319 995 1360 1040 ex

96 1040 197 1086 psas

97 1278 141 1320 atu.
151 1280 178 1322 lv.
186 1281 216 1327 97.

260 1067 369 1132 eadem
384 1066 457 1156 lege
472 1065 585 1144 colunt,
604 1064 724 1133 etiamsi
745 1065 827 1132 forte
842 1069 1002 1134 sententiis
1019 1069 1202 1156 quibusdam
1222 1080 1280 1139 aut
1292 1071 1360 1139 riti·

260 1167 319 1231 bus
335 1165 512 1232 dissideant.

335 1266 356 1328 2
389 1261 589 1351 Thucydides
608 1260 663 1348 jus
684 1261 730 1328 ait
753 1261 848 1330 inisse
870 1262 952 1330 inter
978 1266 1105 1332 Graecos
1129 1266 1178 1334 sui
1200 1269 1359 1357 temporis,

260 1359 371 1435 ἰόντας
387 1358 445 1430 cirri
461 1364 529 1429 τῶν
551 1357 716 1440 ἀλλήλων,
737 1358 913 1453 ispalensis
933 1361 1072 1434 ἐνόντων
1088 1362 1290 1460 α’πάχοσθαι,
1312 1383 1359 1448 ut,

258 1465 317 1548 qui
331 1464 368 1526 in
383 1462 541 1527 hostiam
556 1461 877 1545 impetamfacsrent,
896 1485 920 1527 α
934 1465 1013 1530 heis
1028 1468 1136 1532 sacris
1152 1469 1360 1534 abstinerent.

259 1562 342 1626 Alba
358 1581 378 1625 a
394 1557 542 1624 Romanis
564 1558 669 1623 diruta
685 1559 788 1624 Deum
810 1559 932 1647 templis
955 1570 1162 1649 temperatum
1183 1564 1229 1631 ait
1241 1565 1360 1632 Livias.

260 1660 311 1725 De
333 1657 482 1724 Romanis
502 1657 610 1744 Capua
628 1664 720 1744 capta
742 1655 787 1721 sic
808 1656 998 1740 Siliuslibro
1016 1681 1089 1741 xus,
1115 1663 1209 1746 (vers.
1227 1665 1305 1742 316,
1327 1673 1361 1731 et

259 1760 379 1846 ιιιιιτ

304 1929 312 1965 Ι
333 1928 423 1978 &adet
437 1941 516 1975 rerum
532 1925 666 1973 divinarunt
681 1940 788 1974 reseras·
832 1927 880 1988 pla
894 1927 1001 1976 Deos-ura
1019 1935 1103 1978 ναιιοια
1117 1931 1219 1990 iahad,
1233 1931 1277 1979 red
1291 1934 1363 1980 stian

260 2006 307 2066 tia]
318 2005 430 2066 Polybius
439 2003 465 2050 ln
474 2002 602 2062 ansrptia
609 2002 785 2049 Psirsseianisr
835 2003 902 2063 apud
915 2003 1032 2050 barbam
1044 2019 1135 2052 ιιιιιιιιια
1150 2005 1263 2066 τοὶίφίοιιι
1275 2007 1360 2054 sinai-

262 2083 334 2142 (ρας.
344 2078 396 2138 45.)
410 2078 443 2123 τὸ
458 2076 509 2137 'peip
523 2080 579 2121 reis
591 2075 730 2133 dripeiwoss
745 2076 788 2134 ὀρ-
836 2090 896 2123 asra
906 2092 1009 2139 orasqsoe
1018 2080 1171 2127 consonavit.
1201 2080 1288 2141 Itaque
1297 2095 1363 2142 pres-

262 2155 401 2216 γιζόμενον,
422 2153 456 2199 sla
471 2151 504 2196 ri
520 2151 594 2196 θοῖον
611 2149 722 2208 ἀσεβεῖν,
740 2153 788 2206 τῆς
836 2149 933 2198 diem
942 2153 1029 2199 nitran·
1037 2167 1070 2210 ss,
1082 2168 1128 2199 nors
1139 2153 1309 2214 merilsqorurrs
1318 2169 1361 2201 sss·

260 2230 345 2283 πόσης
359 2225 512 2286 ἀλογιστίας
527 2222 584 2270 tert
602 2228 713 2279 σημεῖον·
736 2237 788 2270 αισι
836 2225 1001 2282 ινιοτολαὺατί,
1013 2228 1056 2287 qui
1068 2227 1214 2286 supplicibus
1227 2241 1307 2273 eorum
1320 2242 1362 2274 no·

261 2303 392 2350 hominibus
399 2297 523 2354 irascaris,
533 2297 561 2342 od
571 2297 599 2342 id
607 2297 679 2356 impis
689 2295 788 2343 inDeor
836 2298 950 2346 consent.-
967 2305 1009 2346 aut
1019 2315 1065 2346 non
1074 2300 1225 2361 pravioribus
1233 2303 1312 2360 pares
1321 2302 1361 2362 af-

261 2393 339 2439 apere,
349 2390 440 2423 sanna
450 2373 553 2420 sicimis
564 2373 655 2433 ripam
664 2377 707 2420 est.
732 2373 787 2419 Me·
829 2376 885 2436 fici,
894 2377 936 2437 qui
945 2378 1081 2438 relipionsns
1091 2379 1226 2436 minuerem,
1239 2393 1311 2439 quara
1320 2380 1363 2440 qai

261 2455 309 2501 rito
327 2466 397 2499 sans:
418 2464 475 2496 nam
491 2453 517 2495 st
535 2447 636 2495 Severus
654 2448 786 2508 rescripsit,
828 2451 897 2512 sana
905 2453 1042 2512 spoliarant.
1068 2454 1152 2513 (Corn.
1164 2454 1255 2514 Nepos,
1265 2456 1362 2516 ceps)

261 2529 343 2575 melias
352 2541 407 2584 esse,
416 2530 441 2571 ιιι
451 2524 653 2586 quorwdocunqrse
663 2525 787 2571 illicDeus
836 2526 875 2573 De
884 2528 991 2585 Agesilai
1001 2529 1157 2575 unctimorda
1166 2529 1191 2573 in
1199 2530 1243 2575 heo
1252 2543 1279 2575 rs
1289 2530 1362 2576 etlam

261 2605 361 2660 οοὶαιιιτ,
371 2617 441 2662 qaam
449 2599 586 2660 popinariis
596 2599 704 2655 dedatur,
715 2600 787 2645 Lam·
836 2601 991 2648 Plutarchum
1008 2603 1063 2649 ride
1080 2604 1151 2663 (pag.
1161 2604 1207 2652 606
1221 2604 1260 2662 a.)
1293 2605 1361 2651 Idem

260 2679 338 2738 pridie
348 2677 475 2732 referente,
492 2674 556 2734 (cap.
567 2672 619 2733 49.)
649 2674 788 2733 Sapuntinoe
836 2677 925 2722 multos
947 2677 1037 2736 pariter
1062 2678 1183 2723 Romanos
1208 2678 1260 2738 ejus
1284 2678 1362 2725 laudis

261 2755 348 2799 Diana
353 2751 436 2810 templo
440 2750 546 2809 pepercit
551 2748 665 2807 religione
671 2748 786 2805 ιἰιάιιαιιιι,
835 2750 964 2810 participes
973 2750 1032 2796 facit
1042 2751 1067 2796 in
1076 2751 1142 2797 Sulla
1158 2753 1225 2811 (pag.
1235 2752 1280 2800 459
1291 2765 1315 2799 o.
1326 2754 1362 2813 a.)

260 2830 295 2875 ais
305 2829 335 2874 de
345 2825 469 2872 Annibale
480 2823 571 2869 Plinius
584 2823 715 2868 Naturalis
724 2821 787 2867 His-
836 2824 870 2869 sis
879 2822 976 2883 μνήμην
986 2824 1110 2882 ιβάλοντο
1120 2826 1199 2871 τοῦτο
1209 2826 1255 2884 μέν
1263 2844 1306 2873 τοι
1316 2827 1363 2874 τὸν

259 2901 328 2949 toria
338 2901 442 2945 mio.
472 2896 557 2956 Ἱερῶν
570 2897 694 2942 oidiwois
707 2896 787 2942 α’λλο-
836 2897 981 2955 Φλαμίνιον,
996 2898 1362 2955 criminosissimum

260 2977 355 3034 φύλονι
367 2972 504 3028 πολεμίους
514 2969 684 3029 ἀφῃρούμεθα·
700 2970 787 3029 templa
835 2972 861 3018 di
879 2971 994 3028 Αῐμίλιον
1005 2971 1116 3028 Παῦλον,
1131 2972 1165 3016 ὦν
1180 2971 1194 3017 i
1209 2973 1255 3031 pio
1270 2973 1361 3021 Ἀντία·

260 3050 363 3096 tonitui
376 3046 530 3093 mesconis
542 3045 661 3103 eripimus.
692 3045 786 3105 Appia·
836 3063 883 3106 χον
894 3044 1017 3105 ἐξελάσαι
1026 3048 1073 3100 τῆς
1082 3045 1215 3102 Ἑλλάδος,
1230 3047 1254 3093 oi
1267 3049 1292 3094 di
1303 3051 1362 3095 voirs

260 3138 305 3169 nus
320 3123 345 3168 id
361 3122 433 3166 habet
449 3119 553 3165 civilium
570 3131 611 3165 ιιι.
631 3120 702 3177 (pag.
717 3119 785 3179 516.)
836 3120 986 3166 Mantitour
1008 3120 1125 3177 βασιλεῖς
1148 3122 1362 3183 καταπεπολεμη.

259 3197 299 3246 De
309 3195 423 3256 Agesilao
438 3193 540 3252 scriptor
554 3192 644 3237 latinus
654 3194 709 3239 vitae
718 3192 785 3252 ejus:
835 3196 916 3253 adres,
930 3197 957 3240 oi
971 3195 1047 3253 μόνον
1061 3195 1208 3254 ἀπέσχοντο
1224 3199 1276 3243 τῶν
1290 3198 1362 3256 lepris

259 3271 504 3336 nsqnshoosoittmin
516 3269 682 3328 Graeoiosecii,
694 3275 785 3316 uilem·
836 3269 886 3314 τῶν
902 3267 1064 3326 Ἑλληνικῶν,
1090 3267 1160 3315 ἀλλά
1176 3271 1218 3315 scal
1236 3271 1303 3331 δῶρα
1319 3274 1361 3319 καὶ

312 3518 364 3573 VI.
411 3524 426 3572 1
449 3516 657 3573 Andaethisis
673 3523 736 3572 truc
753 3517 832 3572 inall
845 3515 1019 3571 omamental
1031 3513 1129 3578 works,
1140 3512 1187 3568 for
1198 3511 1248 3568 the
1260 3529 1361 3568 reason

259 3603 349 3658 which
358 3619 399 3657 wo
410 3602 481 3657 hare
493 3603 664 3667 mentioned,
674 3603 754 3657 there
766 3603 798 3667 is,
810 3603 927 3664 besides,
937 3617 973 3654 an
985 3599 1106 3670 especial
1117 3615 1216 3653 reason
1224 3600 1253 3652 in
1266 3599 1361 3669 things

260 3689 409 3744 dedicated
429 3694 460 3743 to
482 3690 581 3744 sacred
598 3705 669 3744 uses.
706 3690 763 3744 For
782 3687 889 3758 though
910 3686 998 3750 these,
1021 3702 1051 3739 as
1070 3701 1112 3738 we
1130 3686 1202 3738 have
1221 3684 1291 3746 said,
1311 3700 1361 3738 are

260 3774 354 3845 publio
369 3775 398 3826 in
411 3790 428 3827 a
439 3775 566 3846 peculiar
579 3793 647 3846 way,
659 3775 715 3829 and
727 3774 870 3829 therefore
884 3789 949 3843 may
960 3772 997 3826 be
1008 3770 1133 3825 violatod
1142 3768 1209 3823 with
1219 3771 1361 3841 impunity

260 3860 298 3930 by
310 3859 358 3913 the
375 3859 440 3914 lawa
458 3861 492 3914 oi
507 3861 634 3925 nations;
652 3869 699 3932 yet
719 3862 745 3914 if
764 3861 844 3915 there
858 3860 894 3913 bc
909 3874 946 3912 no
961 3858 1068 3927 danger
1085 3856 1159 3910 from
1176 3855 1264 3920 them,
1279 3854 1361 3910 there

259 3945 312 4000 isa
323 3944 427 3998 metire
436 3945 482 3998 sor
490 3947 602 4017 sparing
614 3947 699 4011 them,
708 3947 817 4001 besides
827 3946 906 4000 those
918 3943 1008 3997 which
1017 3943 1091 3998 heve
1101 3943 1175 3997 been
1187 3941 1361 4006 mentioned,

260 4032 289 4083 in
308 4029 357 4084 the
375 4046 525 4085 reverence
536 4032 581 4084 for
596 4032 689 4085 dimne
703 4031 813 4101 things:
836 4030 891 4084 and
911 4029 1069 4100 especially,
1082 4044 1186 4097 among
1200 4027 1282 4082 those
1298 4026 1360 4080 who

259 4114 379 4187 worship
400 4114 541 4170 thesemo
560 4116 622 4169 God
638 4116 739 4187 hythe
755 4116 905 4179 samelnw,
922 4131 993 4170 even
1011 4114 1119 4185 though
1140 4111 1209 4185 they
1228 4112 1311 4166 differ
1331 4113 1361 4166 in

260 4217 338 4257 aomo
352 4203 420 4256 rites
435 4201 491 4255 ond
507 4201 656 4256 doctrines.

314 4294 331 4341 2
348 4288 525 4358 Thucydides
545 4304 608 4358 says
628 4287 691 4342 that
708 4287 764 4341 this
785 4303 841 4341 was
862 4286 911 4342 the
930 4287 992 4342 rulo
1013 4286 1046 4342 oi
1064 4285 1114 4341 the
1133 4283 1250 4339 Greeks.
1288 4284 1361 4354 Livy

259 4391 330 4449 says,
344 4374 407 4429 that
420 4373 501 4429 when
514 4374 586 4429 albe
600 4391 656 4430 was
671 4373 829 4445 destroyed,
840 4373 889 4430 the
900 4373 1019 4446 temples
1031 4388 1104 4428 were
1118 4369 1228 4441 epared.
1267 4370 1360 4424 When
