2916 4906
256 132 298 194 18
516 138 709 202 QUANTUM
730 138 774 193 IN
795 141 920 196 Buteo
942 140 1088 206 Licuit,
1217 139 1289 212 [an.
1304 146 1359 200 lll.·

259 301 403 368 Diximus
419 300 501 366 enim
517 300 569 388 jus
587 300 726 389 gentium
744 301 813 378 diei,
831 309 864 368 et
879 303 963 388 quod
980 303 1108 393 dingulis
1129 306 1275 393 gentibus
1292 309 1359 395 pla*

258 402 321 469 cuit
341 401 408 466 sine
433 410 541 467 mutua
562 401 758 490 obligatione,
777 410 810 468 et
826 401 858 467 id
876 403 960 488 quod
976 414 1115 470 mutuam
1136 405 1358 494 obligationem

257 503 290 568 in
307 523 340 567 ss
356 501 501 567 eontinet.
553 502 671 568 ⁴Voees
687 523 774 590 ergo,
795 509 828 568 et
849 509 953 578 nutus,
972 510 1004 568 et
1020 511 1103 569 notae
1120 525 1197 591 quas
1214 505 1357 584 diximus,

257 607 385 687 reperta
406 608 479 667 sunt
504 602 546 667 ad
569 600 803 689 significandum
828 622 898 667 eum
923 609 1031 668 mutua
1053 601 1252 691 obligatione,
1273 607 1357 692 quod

134 721 155 759 a
203 745 209 756 ·
259 699 443 767 Aristotelea
468 700 548 767 dixit
572 694 660 768 κατοὶ
683 695 864 781 condiano:
888 722 940 767 res
959 700 1029 767 alim
1050 722 1113 766 non
1134 701 1217 768 item.
1271 705 1356 770 Hinc

258 801 297 866 iit
322 803 378 864 qut
406 800 501 866 rebus
524 799 592 866 aliis
618 799 665 865 uti
686 799 788 876 liceat,
814 800 935 867 etiamsi
962 799 1190 887 praevideamus
1216 802 1357 870 futurum

258 909 295 967 ut
328 899 409 966 alter
439 900 512 965 inde
541 898 650 964 falsam
677 899 830 985 concipiat
855 900 1037 987 opinionem.
1089 902 1216 987 Loquor
1249 903 1289 968 de
1319 926 1357 970 eo

258 1000 342 1086 quod
364 998 564 1065 intrinsecum
590 1005 730 1072 estnon
758 998 798 1063 de
825 1019 862 1063 eo
889 1000 972 1083 quod
995 999 1116 1066 accidit.
1167 1003 1279 1088 Itaque
1302 1025 1352 1069 ex·

259 1099 393 1186 emplum
415 1098 589 1185 ponendum
616 1105 674 1173 est,
696 1095 765 1162 rubi
789 1096 908 1161 nullum
932 1097 1073 1182 sequitur
1095 1097 1168 1163 inde
1193 1121 1357 1166 nocumen-

258 1207 336 1275 tum,
352 1205 407 1264 aut
423 1197 477 1263 ubi
494 1203 708 1263 nocumentum
734 1194 846 1283 ipsam,
870 1196 1005 1283 seposita
1022 1195 1085 1261 doli
1101 1196 1355 1276 consideratione,

258 1297 375 1364 licitum
392 1305 448 1364 eet.

93 1406 246 1450 mxxiv-2²
334 1394 696 1480 3Pri0risexemp1um
722 1401 772 1460 est
803 1391 836 1459 in
867 1393 1002 1472 Christo,
1031 1394 1085 1480 qui
1116 1396 1201 1482 apud
1231 1395 1357 1463 comites

258 1495 463 1563 Emauntinoe
480 1495 720 1587 προσεποιεῖτο
736 1492 783 1558 ire
797 1491 929 1580 longius,
947 1492 981 1558 id
997 1503 1054 1568 est,
1072 1494 1204 1581 speciem
1219 1496 1357 1583 praetulit

258 1595 333 1661 ituri
358 1594 488 1683 longius,
512 1594 570 1658 nisi
593 1592 733 1658 malimus
754 1614 828 1659 vere
851 1614 973 1678 quoque
995 1592 1126 1659 voluisse
1142 1616 1213 1660 eum
1229 1595 1277 1661 ire
1292 1596 1358 1661 lon·

259 1694 337 1785 gius,
358 1695 416 1760 aab
438 1692 611 1759 conditione
634 1700 739 1759 ιοιιιοιι
761 1691 820 1758 nisi
840 1713 955 1782 magno
977 1691 1046 1758 nisu
1067 1692 1266 1771 retineretur,
1282 1716 1358 1781 quo·

259 1795 350 1861 medo
376 1802 409 1860 et
432 1792 521 1859 Deua
545 1792 643 1858 multa
668 1791 748 1857 welle
774 1791 887 1858 dicitur
912 1814 983 1877 quae
1008 1814 1071 1858 non
1098 1793 1198 1859 finnt:
1226 1802 1259 1860 et
1284 1795 1359 1861 alibi

95 1911 242 1952 umato
260 1894 403 1961 Christus
424 1892 492 1979 ipae
515 1890 627 1958 dicitur
653 1889 785 1957 voluisse
808 1893 969 1977 praeterire
989 1892 1145 1977 apostolos
1165 1892 1357 1980 navigantes,

258 2015 370 2081 nempe
397 1991 456 2059 nisi
485 1991 623 2078 impense
651 1999 819 2080 rogaretur
845 2011 956 2057 navem
983 1990 1158 2056 ascendere.
1215 1991 1358 2058 Alterum

302 2169 397 2227 ‘Heia
412 2173 441 2216 nt
458 2168 482 2214 ln
500 2171 554 2215 toto
569 2172 713 2228 argumento
729 2168 784 2226 isto,
832 2182 885 2214 eata
898 2169 1017 2229 accipiat
1029 2167 1171 2229 opinionem]
1187 2168 1250 2216 Vide
1259 2168 1359 2228 Augus·

258 2245 417 2292 conferendus
435 2248 553 2303 perpetuo
574 2243 784 2299 Peropportune,
833 2244 911 2291 tinum
928 2244 957 2290 de
972 2244 1091 2292 Doctrina
1110 2243 1251 2290 caristiam
1265 2243 1318 2292 Lib.
1330 2257 1359 2292 ιι.

258 2319 299 2377 De
313 2320 377 2366 lars
390 2318 451 2365 Nat.
467 2323 489 2364 et
503 2317 570 2366 Geat.
588 2317 641 2364 Lib.
650 2330 686 2364 rw.
702 2331 754 2377 cap.
762 2320 785 2373 1,
834 2333 888 2378 cap.
899 2321 937 2366 34.

257 2409 311 2441 eum
329 2394 400 2441 Notis
416 2393 511 2450 nostds,
531 2392 573 2439 ubl
589 2405 628 2438 res
647 2391 785 2438 adeuntium
879 2400 889 2427 ¹
908 2393 1360 2457 Utinailumindeasquituraocarnen·

256 2474 427 2530 pertractatur,
442 2469 468 2515 in
484 2468 562 2515 altera
578 2468 710 2527 prasertim
725 2466 784 2513 Bdl·
834 2467 893 2529 taut]
910 2469 945 2516 Ut
957 2468 981 2516 in
991 2471 1057 2516 laeto
1068 2471 1188 2527 Micholis,
1205 2486 1223 2520 ι.
1235 2474 1299 2523 Sam.
1309 2475 1358 2522 xix.

255 2546 330 2593 tione.
361 2545 430 2593 J.B.
834 2543 871 2592 ld.

302 2630 314 2664 e
333 2622 366 2670 Ut
381 2620 450 2668 rebus
469 2621 672 2676 dimmitteret,
691 2617 784 2666 etiamsi
879 2618 1060 2679 Ὀικονομιον]
1083 2621 1122 2668 Sic
1139 2621 1202 2668 hane
1220 2624 1360 2681 vocandam,

254 2696 429 2755 praevideamus
434 2696 547 2756 futurum
557 2702 583 2743 ιιι
596 2696 658 2743 aiter
668 2695 722 2742 inde
727 2694 785 2754 sai·
834 2707 883 2740 non
898 2693 1000 2748 ἀπάτην
1015 2694 1039 2740 id
1054 2700 1091 2742 cst
1105 2698 1220 2756 fraudem,
1233 2698 1269 2745 alt
1282 2698 1359 2760 chry-

257 2927 348 2983 which
360 2927 416 2981 had
436 2926 509 2983 been
524 2926 693 2982 established
711 2927 749 2998 by
768 2932 897 2998 separate
913 2928 1024 2981 natione
1038 2927 1156 2983 without
1170 2930 1279 2984 mutual
1293 2946 1360 2985 con·

257 3015 368 3078 noxion,
374 3014 430 3068 and
439 3019 468 3068 to
478 3012 541 3067 that
550 3011 639 3066 which
649 3012 941 3067 containsaeommon
952 3012 1062 3066 mutual
1071 3012 1233 3084 obligation.
1257 3015 1359 3071 Words

258 3102 336 3164 then,
355 3099 412 3154 and
422 3099 501 3163 nods,
513 3098 570 3153 and
585 3097 635 3152 the
653 3099 763 3151 written
780 3096 938 3152 characters
950 3096 1041 3152 whieh
1052 3113 1094 3152 we
1104 3097 1176 3154 hare
1188 3099 1359 3164 mentioned,

257 3187 330 3242 haro
340 3187 413 3241 bean
425 3184 557 3240 invented
572 3191 602 3239 to
616 3183 719 3255 signiiy
730 3200 748 3236 a
760 3182 892 3253 meaning
902 3180 969 3237 with
982 3183 1091 3237 mutual
1103 3184 1265 3255 obligatior,
1278 3202 1310 3241 or
1321 3185 1359 3258 by

257 3271 442 3335 conventiam
464 3271 516 3327 but
530 3270 612 3326 other
626 3270 728 3340 things,
737 3275 788 3324 not
799 3285 839 3324 so.
871 3267 969 3323 Henee
983 3285 1022 3323 we
1033 3285 1098 3340 may
1110 3286 1160 3325 use
1172 3270 1254 3326 other
1265 3271 1359 3343 things

258 3357 394 3429 although
405 3375 447 3412 wo
458 3357 566 3413 iorasee
583 3356 646 3412 that
661 3354 781 3411 another
794 3371 897 3426 person
916 3355 973 3408 will
992 3354 1147 3411 therefrom
1164 3355 1238 3412 form
1256 3374 1275 3412 a
1287 3358 1360 3413 false

258 3446 383 3517 opinion.
421 3444 436 3499 I
459 3444 546 3513 apeak
567 3442 601 3499 oi
621 3441 695 3497 what
718 3443 742 3497 is
764 3440 899 3504 intrineio,
922 3449 974 3495 not
994 3440 1027 3497 of
1045 3440 1120 3497 what
1145 3459 1209 3514 may
1234 3443 1357 3515 huppen.

259 3530 414 3587 Thereiore
428 3546 470 3584 wo
487 3534 563 3584 must
581 3529 647 3584 take
666 3544 703 3583 an
723 3527 851 3598 example
872 3526 965 3582 where
986 3543 1023 3581 ne
1045 3527 1163 3600 damage
1180 3528 1308 3594 followsr
1327 3547 1360 3587 or

257 3618 351 3673 where
365 3617 415 3671 the
429 3616 555 3686 damage,
567 3616 671 3686 setting
681 3615 759 3669 aeide
771 3614 820 3670 the
831 3613 1037 3670 consideration
1048 3613 1082 3670 of
1093 3615 1192 3679 daeeit,
1205 3617 1227 3671 is
1242 3616 1346 3672 lawt‘ul.

314 3709 331 3759 3
353 3702 394 3757 Oi
412 3702 462 3757 the
476 3702 583 3757 former
597 3701 666 3755 kind
681 3717 722 3756 we
736 3699 808 3756 have
828 3718 865 3755 aa
885 3701 1014 3772 example
1033 3701 1064 3756 in
1083 3701 1186 3766 Christ,
1204 3701 1275 3764 who,
1291 3701 1359 3755 har·

258 3790 308 3862 ing
324 3788 523 3859 accompanied
544 3787 594 3842 tho
616 3786 745 3858 disciplet
763 3793 793 3841 to
811 3787 954 3852 Emmaus,
976 3788 1055 3842 mods
1075 3804 1107 3841 aa
1124 3787 1156 3856 if
1173 3788 1202 3841 te
1219 3787 1310 3840 woabi
1324 3804 1359 3857 po

251 3878 382 3951 further.-
401 3875 437 3929 he
452 3873 609 3946 pretended
631 3879 662 3928 ιο
684 3872 784 3927 intend
802 3879 832 3927 to
848 3872 884 3927 do
906 3889 953 3927 so:
977 3878 1076 3943 except
1091 3887 1132 3926 we
1146 3871 1242 3943 prefer
1262 3877 1292 3926 to
1310 3888 1361 3942 say

258 3963 323 4018 that
333 3962 370 4016 ho
385 3961 434 4015 did
445 3961 544 4015 intend
559 3966 589 4014 to
603 3975 639 4030 go
654 3958 764 4013 further
779 3965 878 4029 except
888 3958 925 4013 ho
937 3974 1009 4014 were
1021 3957 1154 4013 detained
1168 3958 1205 4029 by
1219 3974 1357 4029 urgancy:

258 4067 289 4104 as
312 4047 375 4104 God
394 4049 417 4101 ia
439 4047 499 4101 said
517 4053 547 4100 to
567 4044 664 4099 intend
683 4061 767 4115 many
785 4043 878 4115 things
901 4043 991 4098 which
1010 4043 1115 4100 donet
1137 4060 1216 4099 come
1238 4050 1268 4098 to
1286 4060 1359 4114 pass.

259 4135 373 4189 Audin
396 4133 516 4187 another
538 4132 618 4204 placo
640 4130 742 4195 Christ,
764 4131 829 4185 itis
851 4129 920 4193 said,
947 4128 1043 4195 (Mark
1061 4130 1097 4185 ri.
1118 4128 1166 4195 48)
1186 4131 1277 4184 wotdd
1296 4131 1361 4184 bove

255 4222 354 4294 passed
371 4223 404 4290 tp
427 4219 476 4274 the
501 4218 644 4289 disciplet:
667 4217 731 4271 that
755 4217 788 4281 is,
811 4216 836 4269 ii
853 4216 891 4271 he
913 4215 970 4271 had
992 4223 1042 4270 not
1066 4217 1138 4272 been
1160 4217 1289 4288 urgentty
1311 4233 1361 4271 en·

258 4307 369 4364 treated
381 4313 411 4362 to
426 4322 506 4361 come
520 4305 581 4360 into
595 4303 644 4359 the
655 4302 727 4376 ehIp.
756 4303 809 4358 We
821 4319 886 4375 may
896 4303 960 4374 gire
972 4303 1090 4360 another
1102 4303 1229 4376 example
1241 4304 1270 4358 in
1280 4302 1361 4367 Paul,
