2916 4906
236 206 278 267 54
384 213 436 270 DE
458 215 582 270 BELLO
604 216 725 272 JUSTO
749 217 836 271 SIVE
860 218 1030 274 SOIAENNI
1050 219 1148 276 JURE
1193 217 1267 287 [Iane.
1281 221 1335 276 111.

72 409 137 450 nn.
149 409 208 449 aa
236 382 364 470 penius:
384 404 440 447 nec
457 383 548 448 aliter
558 382 730 468 Ulpianus:
749 385 852 449 hostes
862 396 938 449 sunt
951 386 1067 470 quibem
1080 386 1194 450 bellum
1206 387 1338 471 publice

71 457 147 506 ”W
231 485 374 570 populua
397 487 566 548 Romamn
595 485 744 559 decreuit,
770 484 822 548 uel
848 485 915 568 ipsi
939 486 1062 568 populo
1090 487 1262 560 Roman03
1289 509 1337 551 ce·

239 586 302 648 teri
325 583 505 647 latrunculi
525 583 577 647 uel
590 585 762 666 praedones
785 584 1002 667 appellantur.
1054 585 1104 647 Et
1126 586 1197 649 ideo
1217 577 1296 672 ''qui
1313 607 1336 649 a

240 682 421 746 latronibus
444 694 560 766 captus
587 693 644 760 est,
673 703 784 747 seruus
812 682 975 746 latronum
1002 704 1067 746 non
1088 694 1144 759 est,
1168 705 1225 750 nec
1245 698 1336 769 poet·

240 783 403 845 liminium
422 782 477 845 illi
497 783 713 846 neceesarium
737 793 791 846 est.
844 782 895 845 Ab
919 781 1063 846 luentibus
1081 793 1189 847 autem
1207 795 1334 868 captus,

233 893 322 965 puta
355 902 379 944 a
413 881 589 945 Germania
620 893 650 944 et
680 881 832 956 Parthie,
863 891 894 944 et
919 901 1031 945 aerum
1055 883 1276 959 actitantium,
1304 896 1335 948 et

72 1000 134 1087 gp.
156 1002 217 1086 pu.
233 980 438 1066 postliminio
455 991 580 1044 statum
592 982 775 1064 pristinum
788 990 965 1064 recuperat.
1012 978 1058 1044 Et
1074 980 1207 1047 Paulus:
1224 982 1267 1046 ‘A
1279 985 1336 1068 pi-

177 1077 182 1087 ’
239 1081 325 1144 ratio
348 1092 407 1143 aiut
430 1080 611 1143 latronibus
631 1080 722 1163 capti
745 1080 840 1143 liberi
857 1091 1056 1162 permanent.
1103 1079 1240 1145 Accedat
1258 1079 1335 1146 illud

70 1191 184 1278 &tlt-‘2¹-
200 1168 386 1281 pUlpiani:
413 1180 450 1241 iu
471 1178 622 1243 ctotttbm
643 1179 903 1254 dissensionibus,
924 1179 1074 1263 quamuis
1098 1201 1182 1263 soepe
1200 1201 1262 1265 per
1278 1203 1335 1246 eas

239 1278 423 1363 reipublica
449 1278 598 1352 laedatur,
625 1299 688 1341 non
713 1289 820 1341 tamen
840 1278 878 1341 in
897 1279 1034 1365 Qu
1054 1279 1241 1363 reipublicae
1261 1302 1335 1344 con·

239 1380 404 1477 Qu:
430 1378 488 1461 qui
513 1377 550 1439 in
576 1377 756 1440 alterutras
775 1388 891 1462 partes
916 1378 1079 1442 diocedunt
1096 1380 1167 1477 uice
1191 1356 1336 1444 tosrffii

237 1499 301 1541 non
321 1488 396 1540 eunt
425 1498 533 1540 eorum
561 1478 647 1540 inter
675 1497 752 1561 quoe
769 1477 853 1558 juro
880 1477 1111 1577 coppi—vitatam
1137 1491 1201 1542 aut
1218 1480 1335 1563 postli-

237 1578 414 1639 miniorum
422 1576 578 1659 fiteriut:
605 1586 636 1639 et
655 1577 728 1639 ideo
745 1587 866 1660 captos,
891 1587 922 1639 et
943 1577 1142 1642 venundatos
1158 1589 1336 1663 poeteaque

236 1677 450 1739 manumissos
461 1675 592 1758 placuit
608 1696 806 1758 auperoacuo
828 1685 967 1759 repetere
984 1696 1007 1738 a
1016 1677 1172 1762 principe
1188 1679 1335 1762 inpenui-

237 1786 345 1850 tatem,
367 1796 466 1859 piram
482 1774 577 1837 nullo
594 1775 785 1858 captivitate
802 1776 990 1840 amiserant.

311 1875 332 1938 2
367 1872 449 1937 Illud
470 1881 592 1937 tantum
618 1872 796 1949 notandum,
821 1873 878 1938 sub
900 1871 1041 1960 exemplo
1066 1873 1173 1961 populi
1197 1874 1333 1941 Romani

234 1971 374 2058 quemvis
399 1970 532 2058 intelligi
558 1970 665 2056 quiin
690 1971 815 2037 civitate
839 1992 992 2036 summum
1014 1972 1177 2059 imperium
1206 1973 1331 2043 habent.

70 2084 207 2134 matut
234 2075 297 2138 Itte
317 2074 418 2137 lucetis
442 2083 498 2145 est,
520 2069 565 2134 ait
589 2071 706 2148 Cicero,
732 2073 905 2157 quilebet
925 2074 1168 2157 rempublicam,
1193 2076 1332 2149 curiam,

235 2174 401 2246 cerarium,
438 2192 622 2236 consensum
654 2182 685 2236 et
718 2173 924 2237 concordiam
957 2174 1087 2249 ciuium,
1117 2186 1148 2238 et
1171 2176 1333 2240 rationem

233 2273 386 2357 aliquam
408 2272 439 2336 ei
460 2292 511 2335 res
535 2272 585 2334 ita
610 2271 721 2335 tulerit
743 2273 840 2356 pacis
862 2284 893 2336 et
907 2273 1045 2355 sederis.

309 2370 355 2438 ΙΙ.
404 2372 422 2435 l
457 2369 529 2433 Non
563 2378 667 2433 autem
695 2370 800 2435 statim
826 2370 999 2455 respublica
1032 2380 1088 2437 aut
1121 2371 1230 2438 civitas
1263 2393 1333 2438 esse

233 2470 346 2536 desinit
373 2468 415 2534 ¹si
444 2468 518 2554 quid
547 2467 693 2534 admittat
722 2467 879 2556 injustum,
908 2468 1001 2534 etiam
1031 2469 1243 2546 communiter,
1273 2493 1332 2537 nec

276 2646 288 2681 δ
305 2648 353 2709 Qui
362 2661 379 2694 α
389 2647 521 2694 latronibus
530 2650 614 2704 copem
623 2649 665 2701 eat,
675 2659 756 2692 aeruna
803 2645 968 2693 Mithridatico
983 2646 1051 2707 (pag.
1061 2648 1111 2695 237.
1126 2646 1177 2694 Ea
1188 2646 1223 2693 H.
1235 2645 1331 2707 Sient.)

231 2724 349 2770 latronum
364 2737 410 2768 non
427 2720 471 2782 ert]
502 2722 564 2767 Hinc
586 2725 756 2780 argumentum
806 2722 877 2768 Adde
888 2722 1015 2769 Burrenum
1026 2727 1093 2770 tomo
1104 2736 1133 2771 11.

231 2799 330 2845 Poenulo
360 2798 456 2844 Plauti:
490 2796 607 2841 Eunucho
639 2796 754 2842 Terentii.
851 2797 859 2826 ¹
876 2799 967 2845 Confer
982 2800 1202 2858 Puraruoariuu,
1217 2800 1258 2848 De
1269 2801 1333 2847 Jure

232 2873 299 2920 Talia
314 2876 339 2918 et
349 2872 462 2917 Eumaeus
477 2869 560 2928 onya.
574 2870 604 2917 0.
621 2876 691 2928 (vara.
702 2873 755 2919 402.
804 2872 864 2920 Nat.
874 2878 896 2919 et
907 2873 1023 2932 Θεπιίιιηι,
1034 2876 1157 2924 Libani.
1168 2875 1259 2936 capsi.
1271 2875 1285 2935 ᾖ
1296 2878 1320 2924 5.

230 2951 334 3008 etaeqq.)
848 2946 1332 3010 dOrirninincecinnaacciuntur]”0urhoa

272 3023 322 3067 ‘A
329 3020 432 3081 piratis]
443 3021 688 3081 Pompeluaaplralie
698 3033 755 3079 eap-
802 3018 938 3080 talpam
953 3025 981 3067 ob
996 3021 1061 3082 νόμῳ
1077 3022 1219 3082 ξυνιόντων,
1233 3023 1292 3069 ἀλλ’
1303 3024 1331 3072 ἐκ

229 3101 268 3143 toa
291 3096 379 3142 liberos
404 3095 576 3156 pronuntiavit.
625 3096 755 3154 Appianae
803 3095 849 3139 τοῦ
861 3094 944 3141 abiron
956 3094 1158 3156 ξυνειλεγμένων·
1175 3095 1331 3144 urbanam·-

573 3240 729 3249 --.-..—.——
905 3241 1010 3247 --..

220 3350 286 3422 sore
301 3349 330 3401 be
344 3348 402 3401 who
416 3348 439 3401 is
455 3346 533 3400 taken
550 3348 676 3418 prisoner
690 3348 724 3417 by
742 3347 847 3401 robbers
865 3347 888 3400 ia
907 3354 954 3399 not
974 3346 1069 3416 subject
1088 3352 1113 3397 to
1136 3343 1212 3407 ilem,
1232 3361 1285 3398 nor
1305 3346 1329 3398 ia

226 3435 423 3504 postliminium
434 3451 570 3503 nmacarp
583 3435 636 3506 for
651 3433 714 3486 him.
753 3433 812 3486 But
830 3433 859 3485 be
873 3432 969 3486 nobaia
988 3431 1069 3485 taken
1085 3430 1210 3500 prisoner
1225 3430 1258 3500 by
1269 3447 1328 3484 eno·

227 3520 299 3583 mia,
312 3537 422 3590 suppose
438 3520 573 3573 Geminam
584 3537 616 3572 or
627 3519 788 3582 Parthiam,
799 3520 910 3573 become
922 3518 990 3571 their
1000 3517 1078 3581 ιιαυε,
1093 3517 1151 3568 and
1161 3533 1276 3569 recouers
1288 3517 1329 3569 bia

220 3607 330 3679 former
341 3615 407 3659 stato
424 3606 458 3675 by
475 3606 681 3675 postliminium.
714 3605 752 3659 So
770 3605 884 3659 Paulus.
920 3603 1027 3674 Ulpian
1046 3601 1115 3656 adds
1129 3602 1201 3665 that,
1220 3601 1249 3654 in
1264 3603 1329 3656 civil

227 3708 306 3755 vars,
319 3691 367 3745 the
384 3692 512 3762 opposita
527 3692 631 3763 parties
649 3708 697 3746 are
716 3696 767 3745 not
780 3691 880 3745 formal
901 3691 1032 3754 cnemiee,
1048 3689 1103 3743 and
1119 3687 1260 3741 therefore
1279 3687 1328 3742 the

227 3778 350 3848 captives
365 3778 449 3831 taken
462 3778 499 3831 do
511 3783 562 3831 not
574 3778 632 3832 lose
647 3777 722 3831 their
733 3777 793 3832 free
805 3777 957 3832 condition.

279 3869 296 3916 2
318 3863 370 3916 We
385 3880 450 3933 may
464 3870 531 3917 note
548 3863 612 3917 that
629 3863 719 3917 which
737 3865 761 3918 is
782 3865 842 3918 said
861 3863 960 3935 bytho
978 3863 1088 3916 Roman
1103 3860 1208 3930 jurista,
1227 3859 1260 3913 of
1278 3860 1328 3914 the

226 3950 338 4003 Roman
345 3949 460 4019 I'eople,
471 3949 492 4002 is
505 3955 535 4002 to
547 3949 583 4002 be
595 3948 766 4003 understood
778 3950 811 4004 of
821 3950 881 4002 him
892 3947 954 4001 who
966 3947 1016 4001 has
1031 3946 1081 4001 tho
1092 3963 1222 4018 supreme
1234 3961 1329 4016 power

225 4035 255 4089 in
270 4052 326 4105 any
336 4041 418 4089 stato.
452 4034 497 4087 He
508 4035 531 4087 is
541 4052 593 4088 our
605 4051 704 4104 enemy,
715 4051 777 4104 says
793 4035 899 4097 Cicero,
910 4035 967 4087 wbo
982 4035 1030 4086 baa
1042 4034 1082 4086 tbe
1094 4041 1272 4103 pouernment,
1288 4033 1330 4086 tle

226 4123 336 4185 councit,
356 4122 397 4175 tle
411 4130 543 4191 treamery,
562 4121 602 4174 tbe
623 4129 727 4173 consent
747 4121 805 4174 aad
823 4129 969 4190 apreemeat
989 4121 1025 4189 qs
1038 4119 1078 4173 tle
1092 4119 1205 4182 citizam,
1216 4119 1274 4171 and
1288 4119 1329 4171 tle

222 4226 314 4280 power
328 4207 485 4277 ofmalcinp
497 4207 626 4260 marcrad
636 4223 723 4276 peace.

276 4293 314 4348 11.
354 4300 368 4347 1
392 4292 418 4347 Α
440 4294 520 4347 State
540 4309 573 4346 or
591 4289 831 4345 Commonwcalth
851 4289 919 4345 does
937 4295 988 4344 not
1005 4305 1086 4345 cease
1103 4295 1134 4344 to
1151 4291 1188 4344 be
1206 4288 1275 4344 such
1289 4289 1329 4360 by

224 4381 418 4453 perpetrating
437 4398 474 4434 an
493 4390 539 4434 act
555 4379 590 4432 of
604 4379 742 4449 injustico,
759 4393 831 4434 eren
848 4376 878 4431 in
896 4392 1042 4432 common:
1061 4392 1115 4432 nor
1129 4376 1185 4431 isa
1203 4375 1279 4431 band
1296 4375 1331 4431 of
