<?xml version="1.0" encoding="UTF-8"?>
<!DOCTYPE html PUBLIC "-//W3C//DTD XHTML 1.0 Transitional//EN"
    "http://www.w3.org/TR/xhtml1/DTD/xhtml1-transitional.dtd">
<html xmlns="http://www.w3.org/1999/xhtml" xml:lang="en" lang="en">
 <head>
  <title>
</title>
<meta http-equiv="Content-Type" content="text/html;charset=utf-8" />
  <meta name='ocr-system' content='tesseract 3.04.00' />
  <meta name='ocr-capabilities' content='ocr_page ocr_carea ocr_par ocr_line ocrx_word'/>
</head>
<body>
  <div class='ocr_page' id='page_1' title='image "./hugonisgrotiide06barbgoog_0074.png"; bbox 0 0 2916 4906; ppageno 0'>
   <div class='ocr_carea' id='block_1_1' title="bbox 156 44 161 97">
    <p class='ocr_par' dir='ltr' id='par_1_1' title="bbox 156 44 161 97">
     <span class='ocr_line' id='line_1_1' title="bbox 156 44 161 97; baseline 0 0"><span class='ocrx_word' id='word_1_1' title='bbox 156 44 161 97; x_wconf 77' lang='lat' dir='ltr'>l</span> 
     </span>
    </p>
   </div>
   <div class='ocr_carea' id='block_1_2' title="bbox 100 260 1205 339">
    <p class='ocr_par' dir='ltr' id='par_1_2' title="bbox 100 260 1205 339">
     <span class='ocr_line' id='line_1_2' title="bbox 100 260 1205 339; baseline -0.004 -13"><span class='ocrx_word' id='word_1_2' title='bbox 100 267 171 326; x_wconf 76' lang='lat' dir='ltr'>Gar.</span> <span class='ocrx_word' id='word_1_3' title='bbox 185 264 254 339; x_wconf 90' lang='grc' dir='ltr'><strong>ΠΙ.]</strong></span> <span class='ocrx_word' id='word_1_4' title='bbox 360 270 547 337; x_wconf 71' lang='grc' dir='ltr'><strong>ΟΕΝΤΙΠΜ,</strong></span> <span class='ocrx_word' id='word_1_5' title='bbox 569 271 637 326; x_wconf 85' lang='lat' dir='ltr'>UBI</span> <span class='ocrx_word' id='word_1_6' title='bbox 658 271 710 325; x_wconf 84' lang='lat' dir='ltr'>DE</span> <span class='ocrx_word' id='word_1_7' title='bbox 733 271 973 327; x_wconf 79' lang='lat' dir='ltr'><strong>INDIGTIONE.</strong></span> <span class='ocrx_word' id='word_1_8' title='bbox 1165 260 1205 322; x_wconf 84' lang='grc'>63</span> 
     </span>
    </p>
   </div>
   <div class='ocr_carea' id='block_1_3' title="bbox 101 428 1353 1109">
    <p class='ocr_par' dir='ltr' id='par_1_3' title="bbox 101 428 1203 517">
     <span class='ocr_line' id='line_1_3' title="bbox 101 428 1203 517; baseline -0.001 -21"><span class='ocrx_word' id='word_1_9' title='bbox 101 452 172 496; x_wconf 88' lang='lat' dir='ltr'>nem</span> <span class='ocrx_word' id='word_1_10' title='bbox 191 429 306 494; x_wconf 86' lang='lat' dir='ltr'>dictam</span> <span class='ocrx_word' id='word_1_11' title='bbox 329 450 395 494; x_wconf 89' lang='lat' dir='ltr'>esse</span> <span class='ocrx_word' id='word_1_12' title='bbox 418 428 652 517; x_wconf 81' lang='lat' dir='ltr'>clarigationem</span> <span class='ocrx_word' id='word_1_13' title='bbox 673 429 760 495; x_wconf 86' lang='lat' dir='ltr'>testis</span> <span class='ocrx_word' id='word_1_14' title='bbox 780 438 827 494; x_wconf 98' lang='grc' dir='ltr'>εει</span> <span class='ocrx_word' id='word_1_15' title='bbox 844 429 991 493; x_wconf 82' lang='lat' dir='ltr'>‘¹Plinius.</span> <span class='ocrx_word' id='word_1_16' title='bbox 1044 429 1203 496; x_wconf 82' lang='lat' dir='ltr'>conditio-</span> 
     </span>
    </p>

    <p class='ocr_par' dir='ltr' id='par_1_4' title="bbox 102 527 1353 715">
     <span class='ocr_line' id='line_1_4' title="bbox 102 527 1353 614; baseline -0.002 -20"><span class='ocrx_word' id='word_1_17' title='bbox 102 538 178 594; x_wconf 86' lang='lat' dir='ltr'>nata</span> <span class='ocrx_word' id='word_1_18' title='bbox 195 538 244 593; x_wconf 90' lang='lat' dir='ltr'>est</span> <span class='ocrx_word' id='word_1_19' title='bbox 263 527 456 594; x_wconf 81' lang='lat' dir='ltr'><strong>denuntiatio</strong></span> <span class='ocrx_word' id='word_1_20' title='bbox 477 529 561 614; x_wconf 88' lang='lat' dir='ltr'>apud</span> <span class='ocrx_word' id='word_1_21' title='bbox 587 528 726 594; x_wconf 81' lang='lat' dir='ltr'>Livium:</span> <span class='ocrx_word' id='word_1_22' title='bbox 752 552 823 594; x_wconf 85' lang='lat' dir='ltr'>eom</span> <span class='ocrx_word' id='word_1_23' title='bbox 838 552 872 595; x_wconf 83' lang='lat' dir='ltr'>ee</span> <span class='ocrx_word' id='word_1_24' title='bbox 888 530 1058 614; x_wconf 80' lang='lat' dir='ltr'>iujuriam,</span> <span class='ocrx_word' id='word_1_25' title='bbox 1076 532 1144 595; x_wconf 82' lang='lat' dir='ltr'>uisi</span> <span class='ocrx_word' id='word_1_26' title='bbox 1160 533 1203 596; x_wconf 85' lang='lat' dir='ltr'>ab</span> <span class='ocrx_word' id='word_1_27' title='bbox 1217 551 1353 592; x_wconf 72' lang='lat' dir='ltr'>nruvnusa</span> 
     </span>
     <span class='ocr_line' id='line_1_5' title="bbox 102 629 1202 715; baseline 0.001 -20"><span class='ocrx_word' id='word_1_28' title='bbox 102 631 188 715; x_wconf 78' lang='lat' dir='ltr'>ipsis</span> <span class='ocrx_word' id='word_1_29' title='bbox 211 630 269 714; x_wconf 81' lang='lat' dir='ltr'>qui</span> <span class='ocrx_word' id='word_1_30' title='bbox 280 629 425 712; x_wconf 82' lang='lat' dir='ltr'>feceriut</span> <span class='ocrx_word' id='word_1_31' title='bbox 445 630 603 703; x_wconf 80' lang='lat' dir='ltr'><strong><em>dematur,</em></strong></span> <span class='ocrx_word' id='word_1_32' title='bbox 630 631 718 712; x_wconf 84' lang='lat' dir='ltr'>ipsos</span> <span class='ocrx_word' id='word_1_33' title='bbox 745 631 833 694; x_wconf 81' lang='lat' dir='ltr'>omui</span> <span class='ocrx_word' id='word_1_34' title='bbox 854 631 889 694; x_wconf 85' lang='lat' dir='ltr'>vi</span> <span class='ocrx_word' id='word_1_35' title='bbox 912 631 1101 713; x_wconf 78' lang='lat' dir='ltr'>depulsuros</span> <span class='ocrx_word' id='word_1_36' title='bbox 1128 653 1202 707; x_wconf 80' lang='lat' dir='ltr'>cese,</span> 
     </span>
    </p>

    <p class='ocr_par' dir='ltr' id='par_1_5' title="bbox 101 725 1348 1012">
     <span class='ocr_line' id='line_1_6' title="bbox 103 725 1348 833; baseline -0.006 -40"><span class='ocrx_word' id='word_1_37' title='bbox 103 738 137 793; x_wconf 91' lang='lat' dir='ltr'>et</span> <span class='ocrx_word' id='word_1_38' title='bbox 153 727 240 813; x_wconf 91' lang='lat' dir='ltr'>apud</span> <span class='ocrx_word' id='word_1_39' title='bbox 257 725 408 806; x_wconf 89' lang='lat' dir='ltr'>Tacitum,</span> <span class='ocrx_word' id='word_1_40' title='bbox 429 729 467 791; x_wconf 81' lang='lat' dir='ltr'>ni</span> <span class='ocrx_word' id='word_1_41' title='bbox 488 728 686 812; x_wconf 81' lang='lat' dir='ltr'>supplicium</span> <span class='ocrx_word' id='word_1_42' title='bbox 709 731 746 792; x_wconf 81' lang='lat' dir='ltr'>iu</span> <span class='ocrx_word' id='word_1_43' title='bbox 769 729 873 793; x_wconf 82' lang='lat' dir='ltr'>maios</span> <span class='ocrx_word' id='word_1_44' title='bbox 889 741 1105 812; x_wconf 72' lang='lat' dir='ltr'>proeaumcnt</span> <span class='ocrx_word' id='word_1_45' title='bbox 1127 752 1202 795; x_wconf 72' lang='lat' dir='ltr'>uoce</span> <span class='ocrx_word' id='word_1_46' title='bbox 1217 745 1348 833; x_wconf 56' lang='lat' dir='ltr'>puppem</span> 
     </span>
     <span class='ocr_line' id='line_1_7' title="bbox 102 821 1235 913; baseline 0.003 -21"><span class='ocrx_word' id='word_1_47' title='bbox 102 850 178 893; x_wconf 80' lang='lat' dir='ltr'>rum</span> <span class='ocrx_word' id='word_1_48' title='bbox 194 829 385 912; x_wconf 78' lang='lat' dir='ltr'>promiscua</span> <span class='ocrx_word' id='word_1_49' title='bbox 411 828 518 891; x_wconf 76' lang='lat' dir='ltr'>cede:</span> <span class='ocrx_word' id='word_1_50' title='bbox 545 834 578 891; x_wconf 90' lang='lat' dir='ltr'>et</span> <span class='ocrx_word' id='word_1_51' title='bbox 602 835 691 891; x_wconf 82' lang='lat' dir='ltr'>votus</span> <span class='ocrx_word' id='word_1_52' title='bbox 710 827 776 912; x_wconf 82' lang='lat' dir='ltr'>ejus</span> <span class='ocrx_word' id='word_1_53' title='bbox 796 826 970 912; x_wconf 82' lang='lat' dir='ltr'>exemplum</span> <span class='ocrx_word' id='word_1_54' title='bbox 994 828 1204 913; x_wconf 69' lang='lat' dir='ltr'>supplicibus</span> <span class='ocrx_word' id='word_1_55' title='bbox 1229 821 1235 832; x_wconf 69' lang='grc'><strong>’</strong></span> 
     </span>
     <span class='ocr_line' id='line_1_8' title="bbox 101 925 1205 1012; baseline 0.003 -21"><span class='ocrx_word' id='word_1_56' title='bbox 101 925 272 1012; x_wconf 76' lang='lat' dir='ltr'>Euripidis,</span> <span class='ocrx_word' id='word_1_57' title='bbox 291 925 344 990; x_wconf 91' lang='lat' dir='ltr'>ubi</span> <span class='ocrx_word' id='word_1_58' title='bbox 362 925 501 990; x_wconf 84' lang='lat' dir='ltr'>Theseus</span> <span class='ocrx_word' id='word_1_59' title='bbox 523 925 718 990; x_wconf 80' lang='lat' dir='ltr'>eaduceatori</span> <span class='ocrx_word' id='word_1_60' title='bbox 740 926 809 990; x_wconf 87' lang='lat' dir='ltr'>hoee</span> <span class='ocrx_word' id='word_1_61' title='bbox 832 925 888 992; x_wconf 89' lang='lat' dir='ltr'>dat</span> <span class='ocrx_word' id='word_1_62' title='bbox 908 925 1055 991; x_wconf 90' lang='lat' dir='ltr'>mandata</span> <span class='ocrx_word' id='word_1_63' title='bbox 1071 926 1112 991; x_wconf 90' lang='lat' dir='ltr'>ad</span> <span class='ocrx_word' id='word_1_64' title='bbox 1130 927 1205 994; x_wconf 84' lang='lat' dir='ltr'>Cre·</span> 
     </span>
    </p>

    <p class='ocr_par' dir='ltr' id='par_1_6' title="bbox 102 1024 804 1109">
     <span class='ocr_line' id='line_1_9' title="bbox 102 1024 804 1109; baseline 0 -20"><span class='ocrx_word' id='word_1_65' title='bbox 102 1035 209 1092; x_wconf 91' lang='lat' dir='ltr'>ontem</span> <span class='ocrx_word' id='word_1_66' title='bbox 226 1024 409 1091; x_wconf 83' lang='lat' dir='ltr'>Thebanum</span> <span class='ocrx_word' id='word_1_67' title='bbox 427 1027 522 1108; x_wconf 83' lang='lat' dir='ltr'>(vers.</span> <span class='ocrx_word' id='word_1_68' title='bbox 540 1026 617 1102; x_wconf 80' lang='lat'><strong>383,</strong></span> <span class='ocrx_word' id='word_1_69' title='bbox 636 1032 669 1090; x_wconf 92' lang='grc' dir='ltr'><strong>ει</strong></span> <span class='ocrx_word' id='word_1_70' title='bbox 685 1026 804 1109; x_wconf 86' lang='lat' dir='ltr'>seqq.):</span> 
     </span>
    </p>
   </div>
   <div class='ocr_carea' id='block_1_4' title="bbox 319 1142 990 1644">
    <p class='ocr_par' dir='ltr' id='par_1_7' title="bbox 319 1142 990 1644">
     <span class='ocr_line' id='line_1_10' title="bbox 319 1142 901 1214; baseline 0.002 -18"><span class='ocrx_word' id='word_1_71' title='bbox 319 1142 434 1197; x_wconf 76' lang='lat' dir='ltr'>&#39;Vicina</span> <span class='ocrx_word' id='word_1_72' title='bbox 446 1143 570 1199; x_wconf 86' lang='lat' dir='ltr'>Theseus</span> <span class='ocrx_word' id='word_1_73' title='bbox 585 1144 633 1214; x_wconf 91' lang='lat' dir='ltr'>qui</span> <span class='ocrx_word' id='word_1_74' title='bbox 647 1150 726 1199; x_wconf 88' lang='lat' dir='ltr'>tenet</span> <span class='ocrx_word' id='word_1_75' title='bbox 740 1145 819 1214; x_wconf 82' lang='lat' dir='ltr'>regni</span> <span class='ocrx_word' id='word_1_76' title='bbox 834 1145 901 1209; x_wconf 83' lang='lat' dir='ltr'>sola,</span> 
     </span>
     <span class='ocr_line' id='line_1_11' title="bbox 321 1230 955 1301; baseline 0.002 -18"><span class='ocrx_word' id='word_1_77' title='bbox 321 1230 447 1284; x_wconf 85' lang='lat' dir='ltr'>Humere</span> <span class='ocrx_word' id='word_1_78' title='bbox 463 1230 553 1300; x_wconf 85' lang='lat' dir='ltr'>poscit</span> <span class='ocrx_word' id='word_1_79' title='bbox 566 1235 709 1284; x_wconf 89' lang='lat' dir='ltr'>mortuos:</span> <span class='ocrx_word' id='word_1_80' title='bbox 735 1230 848 1301; x_wconf 90' lang='lat' dir='ltr'>quodsi</span> <span class='ocrx_word' id='word_1_81' title='bbox 863 1231 955 1294; x_wconf 90' lang='lat' dir='ltr'>datur,</span> 
     </span>
     <span class='ocr_line' id='line_1_12' title="bbox 321 1315 931 1386; baseline -0.003 -16"><span class='ocrx_word' id='word_1_82' title='bbox 321 1316 366 1370; x_wconf 78' lang='lat' dir='ltr'>sit</span> <span class='ocrx_word' id='word_1_83' title='bbox 380 1317 477 1379; x_wconf 85' lang='lat' dir='ltr'>amica,</span> <span class='ocrx_word' id='word_1_84' title='bbox 491 1315 578 1370; x_wconf 82' lang='lat' dir='ltr'>faciet</span> <span class='ocrx_word' id='word_1_85' title='bbox 591 1332 660 1386; x_wconf 86' lang='lat' dir='ltr'>gens</span> <span class='ocrx_word' id='word_1_86' title='bbox 673 1315 856 1370; x_wconf 87' lang='lat' dir='ltr'>Erechtidum</span> <span class='ocrx_word' id='word_1_87' title='bbox 871 1317 931 1371; x_wconf 88' lang='lat' dir='ltr'>tibi.</span> 
     </span>
     <span class='ocr_line' id='line_1_13' title="bbox 320 1401 990 1472; baseline 0.001 -17"><span class='ocrx_word' id='word_1_88' title='bbox 320 1402 389 1455; x_wconf 89' lang='lat' dir='ltr'>Hsec</span> <span class='ocrx_word' id='word_1_89' title='bbox 403 1402 426 1456; x_wconf 90' lang='lat' dir='ltr'>si</span> <span class='ocrx_word' id='word_1_90' title='bbox 440 1402 604 1472; x_wconf 75' lang='lat' dir='ltr'>probantur,</span> <span class='ocrx_word' id='word_1_91' title='bbox 619 1409 680 1455; x_wconf 90' lang='lat' dir='ltr'>tum</span> <span class='ocrx_word' id='word_1_92' title='bbox 694 1402 769 1456; x_wconf 78' lang='lat' dir='ltr'>refer</span> <span class='ocrx_word' id='word_1_93' title='bbox 783 1408 859 1456; x_wconf 89' lang='lat' dir='ltr'>rotro</span> <span class='ocrx_word' id='word_1_94' title='bbox 875 1401 990 1472; x_wconf 88' lang='lat' dir='ltr'>pedem:</span> 
     </span>
     <span class='ocr_line' id='line_1_14' title="bbox 322 1486 937 1558; baseline 0.002 -17"><span class='ocrx_word' id='word_1_95' title='bbox 322 1487 373 1541; x_wconf 88' lang='lat' dir='ltr'>Sin</span> <span class='ocrx_word' id='word_1_96' title='bbox 387 1502 471 1541; x_wconf 89' lang='lat' dir='ltr'>nemo</span> <span class='ocrx_word' id='word_1_97' title='bbox 485 1493 574 1558; x_wconf 86' lang='lat' dir='ltr'>paret,</span> <span class='ocrx_word' id='word_1_98' title='bbox 589 1486 674 1542; x_wconf 85' lang='lat' dir='ltr'>verba</span> <span class='ocrx_word' id='word_1_99' title='bbox 688 1488 745 1541; x_wconf 90' lang='lat' dir='ltr'>sint</span> <span class='ocrx_word' id='word_1_100' title='bbox 758 1487 818 1541; x_wconf 85' lang='lat' dir='ltr'>haee</span> <span class='ocrx_word' id='word_1_101' title='bbox 833 1488 937 1542; x_wconf 88' lang='lat' dir='ltr'>altera:</span> 
     </span>
     <span class='ocr_line' id='line_1_15' title="bbox 321 1573 958 1644; baseline 0.002 -17"><span class='ocrx_word' id='word_1_102' title='bbox 321 1573 387 1627; x_wconf 86' lang='lat' dir='ltr'>lam</span> <span class='ocrx_word' id='word_1_103' title='bbox 401 1589 466 1626; x_wconf 80' lang='lat' dir='ltr'>mor</span> <span class='ocrx_word' id='word_1_104' title='bbox 481 1578 514 1626; x_wconf 93' lang='lat' dir='ltr'>ut</span> <span class='ocrx_word' id='word_1_105' title='bbox 527 1589 605 1626; x_wconf 88' lang='lat' dir='ltr'>arma</span> <span class='ocrx_word' id='word_1_106' title='bbox 618 1573 700 1644; x_wconf 90' lang='lat' dir='ltr'>pubis</span> <span class='ocrx_word' id='word_1_107' title='bbox 715 1580 864 1644; x_wconf 74' lang='lat' dir='ltr'>expectent</span> <span class='ocrx_word' id='word_1_108' title='bbox 879 1590 958 1628; x_wconf 82' lang='lat' dir='ltr'>mem.</span> 
     </span>
    </p>
   </div>
   <div class='ocr_carea' id='block_1_5' title="bbox 102 1669 1113 1862">
    <p class='ocr_par' dir='ltr' id='par_1_8' title="bbox 102 1669 1113 1862">
     <span class='ocr_line' id='line_1_16' title="bbox 102 1669 1113 1759; baseline 0.004 -23"><span class='ocrx_word' id='word_1_109' title='bbox 102 1669 251 1759; x_wconf 79' lang='lat' dir='ltr'>Papinius</span> <span class='ocrx_word' id='word_1_110' title='bbox 268 1669 301 1737; x_wconf 94' lang='lat' dir='ltr'>in</span> <span class='ocrx_word' id='word_1_111' title='bbox 318 1670 454 1757; x_wconf 88' lang='lat' dir='ltr'>ejusdem</span> <span class='ocrx_word' id='word_1_112' title='bbox 472 1669 520 1736; x_wconf 92' lang='lat' dir='ltr'>rei</span> <span class='ocrx_word' id='word_1_113' title='bbox 535 1669 713 1739; x_wconf 73' lang='lat' dir='ltr'>narratione</span> <span class='ocrx_word' id='word_1_114' title='bbox 732 1673 913 1756; x_wconf 74' lang='lat' dir='ltr'>(Thebaid.</span> <span class='ocrx_word' id='word_1_115' title='bbox 934 1694 993 1741; x_wconf 87' lang='lat' dir='ltr'>xu.</span> <span class='ocrx_word' id='word_1_116' title='bbox 1013 1675 1113 1758; x_wconf 82' lang='lat'>598):</span> 
     </span>
     <span class='ocr_line' id='line_1_17' title="bbox 322 1790 999 1862; baseline 0.004 -19"><span class='ocrx_word' id='word_1_117' title='bbox 322 1790 380 1844; x_wconf 83' lang='lat' dir='ltr'>Aut</span> <span class='ocrx_word' id='word_1_118' title='bbox 393 1790 499 1845; x_wconf 88' lang='lat' dir='ltr'>Danais</span> <span class='ocrx_word' id='word_1_119' title='bbox 514 1790 592 1845; x_wconf 90' lang='lat' dir='ltr'>edice</span> <span class='ocrx_word' id='word_1_120' title='bbox 607 1806 698 1862; x_wconf 83' lang='lat' dir='ltr'>rogos,</span> <span class='ocrx_word' id='word_1_121' title='bbox 713 1796 762 1844; x_wconf 88' lang='lat' dir='ltr'>aut</span> <span class='ocrx_word' id='word_1_122' title='bbox 776 1790 872 1862; x_wconf 76' lang='lat' dir='ltr'>praelia</span> <span class='ocrx_word' id='word_1_123' title='bbox 887 1790 999 1848; x_wconf 87' lang='lat' dir='ltr'>Thebis.</span> 
     </span>
    </p>
   </div>
   <div class='ocr_carea' id='block_1_6' title="bbox 101 1883 1368 2372">
    <p class='ocr_par' dir='ltr' id='par_1_9' title="bbox 102 1883 1206 2175">
     <span class='ocr_line' id='line_1_18' title="bbox 103 1883 1205 1981; baseline 0 -25"><span class='ocrx_word' id='word_1_124' title='bbox 103 1888 256 1978; x_wconf 76' lang='lat' dir='ltr'>Polybius</span> <span class='ocrx_word' id='word_1_125' title='bbox 282 1888 342 1954; x_wconf 89' lang='lat' dir='ltr'>boc</span> <span class='ocrx_word' id='word_1_126' title='bbox 370 1897 461 1954; x_wconf 83' lang='lat' dir='ltr'>vocat</span> <span class='ocrx_word' id='word_1_127' title='bbox 490 1883 588 1981; x_wconf 78' lang='grc' dir='ltr'><strong>ῥύσια</strong></span> <span class='ocrx_word' id='word_1_128' title='bbox 616 1884 887 1978; x_wconf 67' lang='grc' dir='ltr'>καταγγέλλειν,</span> <span class='ocrx_word' id='word_1_129' title='bbox 916 1890 1050 1955; x_wconf 89' lang='lat' dir='ltr'>Romani</span> <span class='ocrx_word' id='word_1_130' title='bbox 1082 1899 1205 1957; x_wconf 81' lang='lat' dir='ltr'>veteres</span> 
     </span>
     <span class='ocr_line' id='line_1_19' title="bbox 102 1987 1206 2074; baseline -0.001 -18"><span class='ocrx_word' id='word_1_131' title='bbox 102 1992 296 2056; x_wconf 69' lang='lat' dir='ltr'>‘condicere</span> <span class='ocrx_word' id='word_1_132' title='bbox 345 1989 430 2053; x_wconf 87' lang='lat' dir='ltr'>Pura</span> <span class='ocrx_word' id='word_1_133' title='bbox 447 1987 640 2053; x_wconf 78' lang='lat' dir='ltr'>denuntiatio</span> <span class='ocrx_word' id='word_1_134' title='bbox 664 2000 712 2053; x_wconf 87' lang='lat' dir='ltr'>est</span> <span class='ocrx_word' id='word_1_135' title='bbox 729 2010 799 2073; x_wconf 85' lang='lat' dir='ltr'>quae</span> <span class='ocrx_word' id='word_1_136' title='bbox 816 1989 991 2074; x_wconf 82' lang='lat' dir='ltr'>specialiter</span> <span class='ocrx_word' id='word_1_137' title='bbox 1006 1989 1133 2056; x_wconf 91' lang='lat' dir='ltr'>indictio</span> <span class='ocrx_word' id='word_1_138' title='bbox 1150 1999 1206 2055; x_wconf 90' lang='lat' dir='ltr'>ant</span> 
     </span>
     <span class='ocr_line' id='line_1_20' title="bbox 102 2086 1206 2175; baseline 0 -21"><span class='ocrx_word' id='word_1_139' title='bbox 102 2089 247 2165; x_wconf 88' lang='lat' dir='ltr'>edictum,</span> <span class='ocrx_word' id='word_1_140' title='bbox 274 2086 329 2153; x_wconf 90' lang='lat' dir='ltr'>ubi</span> <span class='ocrx_word' id='word_1_141' title='bbox 355 2096 411 2152; x_wconf 91' lang='lat' dir='ltr'>aut</span> <span class='ocrx_word' id='word_1_142' title='bbox 437 2086 550 2151; x_wconf 92' lang='lat' dir='ltr'>bellum</span> <span class='ocrx_word' id='word_1_143' title='bbox 572 2087 639 2172; x_wconf 86' lang='lat' dir='ltr'>jam</span> <span class='ocrx_word' id='word_1_144' title='bbox 665 2086 747 2152; x_wconf 88' lang='lat' dir='ltr'>alter</span> <span class='ocrx_word' id='word_1_145' title='bbox 766 2086 872 2153; x_wconf 91' lang='lat' dir='ltr'>intulit</span> <span class='ocrx_word' id='word_1_146' title='bbox 897 2091 943 2173; x_wconf 92' lang='lat' dir='ltr'>(et</span> <span class='ocrx_word' id='word_1_147' title='bbox 966 2088 1026 2154; x_wconf 91' lang='lat' dir='ltr'>hoe</span> <span class='ocrx_word' id='word_1_148' title='bbox 1048 2098 1097 2155; x_wconf 87' lang='lat' dir='ltr'>est</span> <span class='ocrx_word' id='word_1_149' title='bbox 1121 2090 1206 2175; x_wconf 93' lang='lat' dir='ltr'>quod</span> 
     </span>
    </p>

    <p class='ocr_par' dir='ltr' id='par_1_10' title="bbox 101 2184 1368 2372">
     <span class='ocr_line' id='line_1_21' title="bbox 101 2184 1368 2273; baseline 0.002 -20"><span class='ocrx_word' id='word_1_150' title='bbox 101 2187 186 2272; x_wconf 88' lang='lat' dir='ltr'>apud</span> <span class='ocrx_word' id='word_1_151' title='bbox 205 2187 358 2252; x_wconf 88' lang='lat' dir='ltr'>Isidorum</span> <span class='ocrx_word' id='word_1_152' title='bbox 375 2185 487 2252; x_wconf 89' lang='lat' dir='ltr'>dicitur</span> <span class='ocrx_word' id='word_1_153' title='bbox 505 2184 619 2250; x_wconf 88' lang='lat' dir='ltr'>bellum</span> <span class='ocrx_word' id='word_1_154' title='bbox 636 2186 916 2273; x_wconf 78' lang='lat' dir='ltr'>propulsandorum</span> <span class='ocrx_word' id='word_1_155' title='bbox 928 2187 1087 2253; x_wconf 91' lang='lat' dir='ltr'>hominum</span> <span class='ocrx_word' id='word_1_156' title='bbox 1100 2191 1205 2272; x_wconf 89' lang='lat' dir='ltr'>eausa)</span> <span class='ocrx_word' id='word_1_157' title='bbox 1221 2215 1368 2268; x_wconf 51' lang='lat' dir='ltr'>ominus</span> 
     </span>
     <span class='ocr_line' id='line_1_22' title="bbox 101 2285 873 2372; baseline 0.001 -21"><span class='ocrx_word' id='word_1_158' title='bbox 101 2290 177 2352; x_wconf 86' lang='lat' dir='ltr'>&#39;aut</span> <span class='ocrx_word' id='word_1_159' title='bbox 194 2308 232 2350; x_wconf 90' lang='lat' dir='ltr'>ea</span> <span class='ocrx_word' id='word_1_160' title='bbox 248 2285 378 2371; x_wconf 89' lang='lat' dir='ltr'>deliquit</span> <span class='ocrx_word' id='word_1_161' title='bbox 395 2285 461 2372; x_wconf 89' lang='lat' dir='ltr'>ipse</span> <span class='ocrx_word' id='word_1_162' title='bbox 477 2306 548 2372; x_wconf 88' lang='lat' dir='ltr'>quae</span> <span class='ocrx_word' id='word_1_163' title='bbox 565 2306 687 2372; x_wconf 89' lang='lat' dir='ltr'>poenam</span> <span class='ocrx_word' id='word_1_164' title='bbox 704 2294 873 2352; x_wconf 81' lang='lat' dir='ltr'>merentur.</span> 
     </span>
    </p>
   </div>
   <div class='ocr_carea' id='block_1_7' title="bbox 100 2446 1207 3329">
    <p class='ocr_par' dir='ltr' id='par_1_11' title="bbox 100 2446 1207 3329">
     <span class='ocr_line' id='line_1_23' title="bbox 101 2446 1204 2508; baseline 0.003 -15"><span class='ocrx_word' id='word_1_165' title='bbox 101 2449 176 2508; x_wconf 81' lang='lat' dir='ltr'>(vers.</span> <span class='ocrx_word' id='word_1_166' title='bbox 183 2448 221 2494; x_wconf 77' lang='lat'>63.</span> <span class='ocrx_word' id='word_1_167' title='bbox 232 2446 284 2494; x_wconf 87' lang='lat' dir='ltr'>Lib.</span> <span class='ocrx_word' id='word_1_168' title='bbox 291 2459 327 2494; x_wconf 83' lang='lat' dir='ltr'>rx.</span> <span class='ocrx_word' id='word_1_169' title='bbox 336 2450 372 2494; x_wconf 80' lang='lat'>14.</span> <span class='ocrx_word' id='word_1_170' title='bbox 383 2447 435 2493; x_wconf 89' lang='lat' dir='ltr'>Lib.</span> <span class='ocrx_word' id='word_1_171' title='bbox 444 2446 482 2506; x_wconf 85' lang='lat' dir='ltr'>x.)</span> <span class='ocrx_word' id='word_1_172' title='bbox 679 2449 728 2506; x_wconf 83' lang='lat' dir='ltr'>dis3</span> <span class='ocrx_word' id='word_1_173' title='bbox 744 2449 841 2495; x_wconf 88' lang='lat' dir='ltr'>minime</span> <span class='ocrx_word' id='word_1_174' title='bbox 851 2454 931 2496; x_wconf 88' lang='lat' dir='ltr'>autem</span> <span class='ocrx_word' id='word_1_175' title='bbox 943 2450 967 2494; x_wconf 91' lang='lat' dir='ltr'>in</span> <span class='ocrx_word' id='word_1_176' title='bbox 978 2450 1141 2496; x_wconf 85' lang='lat' dir='ltr'>denuntiando</span> <span class='ocrx_word' id='word_1_177' title='bbox 1151 2451 1204 2496; x_wconf 93' lang='lat' dir='ltr'>bel-</span> 
     </span>
     <span class='ocr_line' id='line_1_24' title="bbox 147 2522 1201 2584; baseline 0.001 -16"><span class='ocrx_word' id='word_1_178' title='bbox 147 2522 629 2584; x_wconf 71' lang='lat' dir='ltr'>rVicirusTireeeusquiterestrequirola]</span> <span class='ocrx_word' id='word_1_179' title='bbox 679 2523 711 2569; x_wconf 92' lang='lat' dir='ltr'>lo.</span> <span class='ocrx_word' id='word_1_180' title='bbox 739 2523 786 2569; x_wconf 83' lang='lat' dir='ltr'>Sed</span> <span class='ocrx_word' id='word_1_181' title='bbox 797 2525 841 2569; x_wconf 90' lang='lat' dir='ltr'>boo</span> <span class='ocrx_word' id='word_1_182' title='bbox 851 2524 938 2569; x_wconf 79' lang='lat' dir='ltr'>falsum</span> <span class='ocrx_word' id='word_1_183' title='bbox 949 2537 1008 2578; x_wconf 84' lang='lat' dir='ltr'>esse,</span> <span class='ocrx_word' id='word_1_184' title='bbox 1019 2524 1166 2569; x_wconf 89' lang='lat' dir='ltr'>ostendimus</span> <span class='ocrx_word' id='word_1_185' title='bbox 1176 2525 1201 2569; x_wconf 88' lang='lat' dir='ltr'>iu</span> 
     </span>
     <span class='ocr_line' id='line_1_25' title="bbox 103 2596 1204 2659; baseline -0.003 -14"><span class='ocrx_word' id='word_1_186' title='bbox 103 2598 192 2645; x_wconf 82' lang='lat' dir='ltr'>Similis</span> <span class='ocrx_word' id='word_1_187' title='bbox 202 2598 351 2644; x_wconf 78' lang='lat' dir='ltr'>denuntiatio</span> <span class='ocrx_word' id='word_1_188' title='bbox 365 2603 402 2644; x_wconf 88' lang='lat' dir='ltr'>est</span> <span class='ocrx_word' id='word_1_189' title='bbox 416 2599 441 2644; x_wconf 89' lang='lat' dir='ltr'>in</span> <span class='ocrx_word' id='word_1_190' title='bbox 456 2599 630 2659; x_wconf 70' lang='lat' dir='ltr'>Batrachomy-</span> <span class='ocrx_word' id='word_1_191' title='bbox 680 2597 745 2643; x_wconf 88' lang='lat' dir='ltr'>Nota</span> <span class='ocrx_word' id='word_1_192' title='bbox 766 2601 847 2642; x_wconf 86' lang='lat' dir='ltr'>nostra</span> <span class='ocrx_word' id='word_1_193' title='bbox 868 2596 964 2642; x_wconf 86' lang='lat' dir='ltr'>Gallica</span> <span class='ocrx_word' id='word_1_194' title='bbox 982 2597 1014 2641; x_wconf 86' lang='lat' dir='ltr'>ad</span> <span class='ocrx_word' id='word_1_195' title='bbox 1033 2596 1098 2642; x_wconf 89' lang='lat' dir='ltr'>hune</span> <span class='ocrx_word' id='word_1_196' title='bbox 1117 2596 1204 2642; x_wconf 85' lang='lat' dir='ltr'>locum.</span> 
     </span>
     <span class='ocr_line' id='line_1_26' title="bbox 102 2670 1206 2734; baseline -0.003 -15"><span class='ocrx_word' id='word_1_197' title='bbox 102 2674 220 2729; x_wconf 75' lang='lat' dir='ltr'>cerneleia,</span> <span class='ocrx_word' id='word_1_198' title='bbox 231 2673 306 2732; x_wconf 83' lang='lat' dir='ltr'>(vers.</span> <span class='ocrx_word' id='word_1_199' title='bbox 320 2675 371 2730; x_wconf 85' lang='lat'><strong>135,</strong></span> <span class='ocrx_word' id='word_1_200' title='bbox 381 2679 402 2720; x_wconf 85' lang='lat' dir='ltr'>et</span> <span class='ocrx_word' id='word_1_201' title='bbox 411 2673 492 2734; x_wconf 79' lang='lat' dir='ltr'>seqq.)</span> <span class='ocrx_word' id='word_1_202' title='bbox 502 2679 527 2720; x_wconf 88' lang='lat' dir='ltr'>et</span> <span class='ocrx_word' id='word_1_203' title='bbox 537 2675 561 2720; x_wconf 92' lang='lat' dir='ltr'>in</span> <span class='ocrx_word' id='word_1_204' title='bbox 572 2674 630 2720; x_wconf 80' lang='lat' dir='ltr'>Am·</span> <span class='ocrx_word' id='word_1_205' title='bbox 679 2671 739 2717; x_wconf 86' lang='lat' dir='ltr'>Post</span> <span class='ocrx_word' id='word_1_206' title='bbox 749 2685 821 2731; x_wconf 91' lang='lat' dir='ltr'>quam</span> <span class='ocrx_word' id='word_1_207' title='bbox 831 2671 943 2730; x_wconf 87' lang='lat' dir='ltr'>scriptam</span> <span class='ocrx_word' id='word_1_208' title='bbox 954 2671 1003 2716; x_wconf 82' lang='lat' dir='ltr'>lreti</span> <span class='ocrx_word' id='word_1_209' title='bbox 1015 2670 1152 2716; x_wconf 84' lang='lat' dir='ltr'>videbamus</span> <span class='ocrx_word' id='word_1_210' title='bbox 1162 2685 1206 2716; x_wconf 89' lang='lat' dir='ltr'>no-</span> 
     </span>
     <span class='ocr_line' id='line_1_27' title="bbox 100 2745 1205 2807; baseline -0.002 -15"><span class='ocrx_word' id='word_1_211' title='bbox 100 2747 229 2807; x_wconf 69' lang='lat' dir='ltr'>pitirum</span> <span class='ocrx_word' id='word_1_212' title='bbox 244 2747 326 2794; x_wconf 80' lang='lat' dir='ltr'>Plauti</span> <span class='ocrx_word' id='word_1_213' title='bbox 342 2748 418 2794; x_wconf 86' lang='lat' dir='ltr'>initio.</span> <span class='ocrx_word' id='word_1_214' title='bbox 449 2748 517 2805; x_wconf 82' lang='lat' dir='ltr'>(Aet.</span> <span class='ocrx_word' id='word_1_215' title='bbox 528 2762 545 2796; x_wconf 86' lang='lat' dir='ltr'>r.</span> <span class='ocrx_word' id='word_1_216' title='bbox 562 2750 600 2794; x_wconf 87' lang='lat' dir='ltr'>Sc.</span> <span class='ocrx_word' id='word_1_217' title='bbox 612 2748 628 2795; x_wconf 93' lang='lat' dir='ltr'>i.</span> <span class='ocrx_word' id='word_1_218' title='bbox 679 2746 770 2790; x_wconf 87' lang='lat' dir='ltr'>biscum</span> <span class='ocrx_word' id='word_1_219' title='bbox 780 2745 907 2791; x_wconf 84' lang='lat' dir='ltr'>facientem</span> <span class='ocrx_word' id='word_1_220' title='bbox 916 2746 1001 2792; x_wconf 88' lang='lat' dir='ltr'>Virum</span> <span class='ocrx_word' id='word_1_221' title='bbox 1012 2746 1205 2804; x_wconf 86' lang='lat' dir='ltr'>eruditissimum,</span> 
     </span>
     <span class='ocr_line' id='line_1_28' title="bbox 103 2820 1207 2880; baseline -0.001 -12"><span class='ocrx_word' id='word_1_222' title='bbox 103 2823 220 2880; x_wconf 72' lang='lat' dir='ltr'>versio.)</span> <span class='ocrx_word' id='word_1_223' title='bbox 245 2821 310 2868; x_wconf 88' lang='lat' dir='ltr'>Vide</span> <span class='ocrx_word' id='word_1_224' title='bbox 320 2827 345 2869; x_wconf 87' lang='lat' dir='ltr'>et</span> <span class='ocrx_word' id='word_1_225' title='bbox 354 2822 503 2879; x_wconf 83' lang='lat' dir='ltr'>Cromernm,</span> <span class='ocrx_word' id='word_1_226' title='bbox 512 2822 631 2870; x_wconf 81' lang='lat' dir='ltr'>Libxxr.</span> <span class='ocrx_word' id='word_1_227' title='bbox 680 2820 805 2866; x_wconf 74' lang='lat' dir='ltr'>insursu</span> <span class='ocrx_word' id='word_1_228' title='bbox 817 2820 1207 2876; x_wconf 81' lang='lat' dir='ltr'>Jnus1nu‚inDissertetionede</span> 
     </span>
     <span class='ocr_line' id='line_1_29' title="bbox 149 2894 1207 2958; baseline 0 -16"><span class='ocrx_word' id='word_1_229' title='bbox 149 2895 160 2923; x_wconf 80' lang='lat'><em>⁶</em></span> <span class='ocrx_word' id='word_1_230' title='bbox 175 2896 229 2942; x_wconf 88' lang='lat' dir='ltr'>Hoc</span> <span class='ocrx_word' id='word_1_231' title='bbox 239 2896 394 2958; x_wconf 69' lang='lat' dir='ltr'>leuucaoero</span> <span class='ocrx_word' id='word_1_232' title='bbox 402 2897 569 2942; x_wconf 73' lang='lat' dir='ltr'>alimissimum</span> <span class='ocrx_word' id='word_1_233' title='bbox 577 2897 630 2957; x_wconf 84' lang='lat' dir='ltr'>opi·</span> <span class='ocrx_word' id='word_1_234' title='bbox 679 2894 815 2941; x_wconf 78' lang='lat' dir='ltr'>Feciulibuu</span> <span class='ocrx_word' id='word_1_235' title='bbox 825 2895 915 2954; x_wconf 80' lang='lat' dir='ltr'>Populi</span> <span class='ocrx_word' id='word_1_236' title='bbox 925 2896 1035 2951; x_wconf 77' lang='lat' dir='ltr'>Rommri,</span> <span class='ocrx_word' id='word_1_237' title='bbox 1052 2909 1105 2955; x_wconf 81' lang='lat' dir='ltr'>esp.</span> <span class='ocrx_word' id='word_1_238' title='bbox 1116 2896 1138 2944; x_wconf 86' lang='lat'>6.</span> <span class='ocrx_word' id='word_1_239' title='bbox 1152 2911 1207 2956; x_wconf 74' lang='lat' dir='ltr'>quis</span> 
     </span>
     <span class='ocr_line' id='line_1_30' title="bbox 103 2969 1207 3030; baseline 0.005 -15"><span class='ocrx_word' id='word_1_240' title='bbox 103 2970 208 3016; x_wconf 85' lang='lat' dir='ltr'>nabetur</span> <span class='ocrx_word' id='word_1_241' title='bbox 221 2971 247 3018; x_wconf 85' lang='lat' dir='ltr'>V.</span> <span class='ocrx_word' id='word_1_242' title='bbox 256 2970 284 3017; x_wconf 83' lang='lat' dir='ltr'>G.</span> <span class='ocrx_word' id='word_1_243' title='bbox 292 2969 352 3017; x_wconf 73' lang='lat' dir='ltr'>luo.</span> <span class='ocrx_word' id='word_1_244' title='bbox 361 2971 527 3028; x_wconf 77' lang='lat' dir='ltr'>Gronovius,</span> <span class='ocrx_word' id='word_1_245' title='bbox 537 2972 562 3016; x_wconf 92' lang='lat' dir='ltr'>in</span> <span class='ocrx_word' id='word_1_246' title='bbox 571 2972 629 3019; x_wconf 88' lang='lat' dir='ltr'>Not.</span> <span class='ocrx_word' id='word_1_247' title='bbox 680 2985 736 3030; x_wconf 87' lang='lat' dir='ltr'>pars</span> <span class='ocrx_word' id='word_1_248' title='bbox 753 2976 790 3017; x_wconf 83' lang='lat' dir='ltr'>est</span> <span class='ocrx_word' id='word_1_249' title='bbox 810 2970 908 3017; x_wconf 79' lang='lat' dir='ltr'>Ferenti</span> <span class='ocrx_word' id='word_1_250' title='bbox 925 2973 1039 3029; x_wconf 82' lang='lat' dir='ltr'>literarii,</span> <span class='ocrx_word' id='word_1_251' title='bbox 1059 2987 1122 3019; x_wconf 83' lang='lat' dir='ltr'>anno</span> <span class='ocrx_word' id='word_1_252' title='bbox 1138 2975 1207 3022; x_wconf 80' lang='grc'><strong>1717.</strong></span> 
     </span>
     <span class='ocr_line' id='line_1_31' title="bbox 103 3044 910 3106; baseline 0.006 -17"><span class='ocrx_word' id='word_1_253' title='bbox 103 3044 135 3089; x_wconf 82' lang='lat' dir='ltr'>sd</span> <span class='ocrx_word' id='word_1_254' title='bbox 146 3044 197 3090; x_wconf 81' lang='lat' dir='ltr'>niv.</span> <span class='ocrx_word' id='word_1_255' title='bbox 210 3057 228 3090; x_wconf 89' lang='lat'>1.</span> <span class='ocrx_word' id='word_1_256' title='bbox 239 3047 276 3091; x_wconf 81' lang='lat'>32.</span> <span class='ocrx_word' id='word_1_257' title='bbox 288 3046 332 3090; x_wconf 84' lang='lat' dir='ltr'>bac</span> <span class='ocrx_word' id='word_1_258' title='bbox 342 3046 463 3105; x_wconf 68' lang='lat' dir='ltr'>precipue</span> <span class='ocrx_word' id='word_1_259' title='bbox 473 3047 565 3092; x_wconf 89' lang='lat' dir='ltr'>ratione</span> <span class='ocrx_word' id='word_1_260' title='bbox 577 3046 629 3091; x_wconf 89' lang='lat' dir='ltr'>nir·</span> <span class='ocrx_word' id='word_1_261' title='bbox 679 3047 805 3106; x_wconf 88' lang='lat' dir='ltr'>propositi.</span> <span class='ocrx_word' id='word_1_262' title='bbox 836 3047 864 3094; x_wconf 83' lang='lat' dir='ltr'>J.</span> <span class='ocrx_word' id='word_1_263' title='bbox 877 3049 910 3094; x_wconf 88' lang='lat' dir='ltr'>B.</span> 
     </span>
     <span class='ocr_line' id='line_1_32' title="bbox 102 3120 1206 3185; baseline 0.007 -21"><span class='ocrx_word' id='word_1_264' title='bbox 102 3132 140 3174; x_wconf 87' lang='lat' dir='ltr'>ns,</span> <span class='ocrx_word' id='word_1_265' title='bbox 161 3120 226 3178; x_wconf 89' lang='lat' dir='ltr'>qnod</span> <span class='ocrx_word' id='word_1_266' title='bbox 246 3120 326 3165; x_wconf 84' lang='lat' dir='ltr'>Patris</span> <span class='ocrx_word' id='word_1_267' title='bbox 346 3120 440 3166; x_wconf 84' lang='lat' dir='ltr'>Patrati</span> <span class='ocrx_word' id='word_1_268' title='bbox 461 3121 538 3166; x_wconf 88' lang='lat' dir='ltr'>omnis</span> <span class='ocrx_word' id='word_1_269' title='bbox 557 3135 631 3181; x_wconf 86' lang='lat' dir='ltr'>opera</span> <span class='ocrx_word' id='word_1_270' title='bbox 724 3122 795 3169; x_wconf 82' lang='lat' dir='ltr'>⁸Aut</span> <span class='ocrx_word' id='word_1_271' title='bbox 812 3137 841 3168; x_wconf 83' lang='lat' dir='ltr'>ea</span> <span class='ocrx_word' id='word_1_272' title='bbox 859 3123 957 3182; x_wconf 76' lang='lat' dir='ltr'>deliquit</span> <span class='ocrx_word' id='word_1_273' title='bbox 975 3124 1025 3182; x_wconf 81' lang='lat' dir='ltr'>ipse</span> <span class='ocrx_word' id='word_1_274' title='bbox 1043 3139 1096 3184; x_wconf 81' lang='lat' dir='ltr'>quoe</span> <span class='ocrx_word' id='word_1_275' title='bbox 1111 3140 1206 3185; x_wconf 72' lang='lat' dir='ltr'>ponam</span> 
     </span>
     <span class='ocr_line' id='line_1_33' title="bbox 103 3195 1205 3260; baseline 0.007 -21"><span class='ocrx_word' id='word_1_276' title='bbox 103 3208 209 3254; x_wconf 87' lang='lat' dir='ltr'>ususque</span> <span class='ocrx_word' id='word_1_277' title='bbox 219 3195 369 3241; x_wconf 89' lang='lat' dir='ltr'>solummodo</span> <span class='ocrx_word' id='word_1_278' title='bbox 379 3195 486 3240; x_wconf 80' lang='lat' dir='ltr'>fueritin</span> <span class='ocrx_word' id='word_1_279' title='bbox 493 3195 630 3254; x_wconf 76' lang='lat' dir='ltr'>Jnrcjnran-</span> <span class='ocrx_word' id='word_1_280' title='bbox 680 3195 808 3255; x_wconf 80' lang='lat' dir='ltr'>merentur]</span> <span class='ocrx_word' id='word_1_281' title='bbox 826 3197 968 3257; x_wconf 87' lang='lat' dir='ltr'>Exemplum</span> <span class='ocrx_word' id='word_1_282' title='bbox 984 3198 1037 3245; x_wconf 83' lang='lat' dir='ltr'>vide</span> <span class='ocrx_word' id='word_1_283' title='bbox 1052 3201 1117 3260; x_wconf 86' lang='lat' dir='ltr'>apud</span> <span class='ocrx_word' id='word_1_284' title='bbox 1133 3201 1205 3247; x_wconf 89' lang='lat' dir='ltr'>Bem-</span> 
     </span>
     <span class='ocr_line' id='line_1_34' title="bbox 106 3269 867 3329; baseline 0.003 -14"><span class='ocrx_word' id='word_1_285' title='bbox 106 3269 137 3315; x_wconf 91' lang='lat' dir='ltr'>do</span> <span class='ocrx_word' id='word_1_286' title='bbox 146 3269 264 3329; x_wconf 66' lang='lat' dir='ltr'>penando</span> <span class='ocrx_word' id='word_1_287' title='bbox 275 3273 301 3316; x_wconf 89' lang='lat' dir='ltr'>et</span> <span class='ocrx_word' id='word_1_288' title='bbox 310 3269 407 3316; x_wconf 73' lang='lat' dir='ltr'>foederis</span> <span class='ocrx_word' id='word_1_289' title='bbox 421 3269 516 3328; x_wconf 80' lang='lat' dir='ltr'>legibus</span> <span class='ocrx_word' id='word_1_290' title='bbox 526 3269 629 3315; x_wconf 85' lang='lat' dir='ltr'>recitun-</span> <span class='ocrx_word' id='word_1_291' title='bbox 676 3270 737 3327; x_wconf 79' lang='lat' dir='ltr'>bum</span> <span class='ocrx_word' id='word_1_292' title='bbox 747 3271 809 3317; x_wconf 90' lang='lat' dir='ltr'>libro</span> <span class='ocrx_word' id='word_1_293' title='bbox 820 3284 867 3317; x_wconf 84' lang='lat' dir='ltr'>vn.</span> 
     </span>
    </p>
   </div>
   <div class='ocr_carea' id='block_1_8' title="bbox 723 3400 900 3408">
    <p class='ocr_par' dir='ltr' id='par_1_12' title="bbox 723 3400 900 3408">
     <span class='ocr_line' id='line_1_35' title="bbox 723 3400 900 3408; baseline 0.011 -2"><span class='ocrx_word' id='word_1_294' title='bbox 723 3400 900 3408; x_wconf 73' lang='lat'>--—---—</span> 
     </span>
    </p>
   </div>
   <div class='ocr_carea' id='block_1_9' title="bbox 104 3482 1214 4502">
    <p class='ocr_par' dir='ltr' id='par_1_13' title="bbox 104 3482 1214 4502">
     <span class='ocr_line' id='line_1_36' title="bbox 105 3482 1204 3558; baseline 0 -21"><span class='ocrx_word' id='word_1_295' title='bbox 105 3482 228 3538; x_wconf 82' lang='lat' dir='ltr'>formula</span> <span class='ocrx_word' id='word_1_296' title='bbox 250 3483 394 3554; x_wconf 84' lang='lat' dir='ltr'>requiriug</span> <span class='ocrx_word' id='word_1_297' title='bbox 419 3484 481 3539; x_wconf 88' lang='lat' dir='ltr'>that</span> <span class='ocrx_word' id='word_1_298' title='bbox 504 3485 553 3539; x_wconf 89' lang='lat' dir='ltr'>the</span> <span class='ocrx_word' id='word_1_299' title='bbox 576 3485 671 3555; x_wconf 86' lang='lat' dir='ltr'>things</span> <span class='ocrx_word' id='word_1_300' title='bbox 694 3485 731 3540; x_wconf 93' lang='lat' dir='ltr'>be</span> <span class='ocrx_word' id='word_1_301' title='bbox 757 3488 880 3550; x_wconf 73' lang='lat' dir='ltr'>restored,</span> <span class='ocrx_word' id='word_1_302' title='bbox 902 3486 1026 3558; x_wconf 71' lang='lat' dir='ltr'>aelbfled,</span> <span class='ocrx_word' id='word_1_303' title='bbox 1050 3485 1128 3555; x_wconf 72' lang='lat' dir='ltr'>picea</span> <span class='ocrx_word' id='word_1_304' title='bbox 1149 3502 1204 3556; x_wconf 79' lang='lat' dir='ltr'>up:</span> 
     </span>
     <span class='ocr_line' id='line_1_37' title="bbox 105 3568 1207 3642; baseline 0.003 -20"><span class='ocrx_word' id='word_1_305' title='bbox 105 3568 200 3623; x_wconf 79' lang='lat' dir='ltr'>where</span> <span class='ocrx_word' id='word_1_306' title='bbox 224 3569 302 3639; x_wconf 74' lang='lat' dir='ltr'>picen</span> <span class='ocrx_word' id='word_1_307' title='bbox 326 3588 373 3640; x_wconf 84' lang='lat' dir='ltr'>up,</span> <span class='ocrx_word' id='word_1_308' title='bbox 397 3586 427 3624; x_wconf 89' lang='lat' dir='ltr'>as</span> <span class='ocrx_word' id='word_1_309' title='bbox 450 3587 490 3624; x_wconf 86' lang='lat' dir='ltr'>we</span> <span class='ocrx_word' id='word_1_310' title='bbox 514 3570 585 3625; x_wconf 86' lang='lat' dir='ltr'>bave</span> <span class='ocrx_word' id='word_1_311' title='bbox 609 3571 759 3626; x_wconf 81' lang='lat' dir='ltr'>elsewhere</span> <span class='ocrx_word' id='word_1_312' title='bbox 781 3571 978 3642; x_wconf 87' lang='lat' dir='ltr'>explained‚is</span> <span class='ocrx_word' id='word_1_313' title='bbox 1000 3577 1031 3625; x_wconf 89' lang='lat' dir='ltr'>to</span> <span class='ocrx_word' id='word_1_314' title='bbox 1049 3570 1085 3624; x_wconf 95' lang='lat' dir='ltr'>be</span> <span class='ocrx_word' id='word_1_315' title='bbox 1102 3571 1207 3625; x_wconf 88' lang='lat' dir='ltr'>under·</span> 
     </span>
     <span class='ocr_line' id='line_1_38' title="bbox 106 3653 1206 3728; baseline 0 -18"><span class='ocrx_word' id='word_1_316' title='bbox 106 3653 189 3710; x_wconf 88' lang='lat' dir='ltr'>stood</span> <span class='ocrx_word' id='word_1_317' title='bbox 210 3654 273 3709; x_wconf 88' lang='lat' dir='ltr'>that</span> <span class='ocrx_word' id='word_1_318' title='bbox 292 3653 342 3710; x_wconf 89' lang='lat' dir='ltr'>the</span> <span class='ocrx_word' id='word_1_319' title='bbox 364 3671 480 3726; x_wconf 90' lang='lat' dir='ltr'>persons</span> <span class='ocrx_word' id='word_1_320' title='bbox 499 3657 664 3711; x_wconf 88' lang='lat' dir='ltr'>summoned</span> <span class='ocrx_word' id='word_1_321' title='bbox 683 3674 748 3728; x_wconf 85' lang='lat' dir='ltr'>may</span> <span class='ocrx_word' id='word_1_322' title='bbox 765 3658 801 3711; x_wconf 92' lang='lat' dir='ltr'>be</span> <span class='ocrx_word' id='word_1_323' title='bbox 819 3657 936 3711; x_wconf 82' lang='lat' dir='ltr'>allowed</span> <span class='ocrx_word' id='word_1_324' title='bbox 956 3663 986 3710; x_wconf 93' lang='lat' dir='ltr'>to</span> <span class='ocrx_word' id='word_1_325' title='bbox 1005 3656 1100 3727; x_wconf 86' lang='lat' dir='ltr'>prefer</span> <span class='ocrx_word' id='word_1_326' title='bbox 1114 3656 1206 3710; x_wconf 88' lang='lat' dir='ltr'>them·</span> 
     </span>
     <span class='ocr_line' id='line_1_39' title="bbox 105 3739 1206 3813; baseline 0 -19"><span class='ocrx_word' id='word_1_327' title='bbox 105 3740 195 3795; x_wconf 81' lang='lat' dir='ltr'>salves</span> <span class='ocrx_word' id='word_1_328' title='bbox 209 3739 361 3812; x_wconf 83' lang='lat' dir='ltr'>punishing</span> <span class='ocrx_word' id='word_1_329' title='bbox 374 3740 424 3794; x_wconf 89' lang='lat' dir='ltr'>the</span> <span class='ocrx_word' id='word_1_330' title='bbox 438 3741 528 3811; x_wconf 84' lang='lat' dir='ltr'>guilty</span> <span class='ocrx_word' id='word_1_331' title='bbox 541 3758 652 3813; x_wconf 86' lang='lat' dir='ltr'>person.</span> <span class='ocrx_word' id='word_1_332' title='bbox 691 3743 759 3797; x_wconf 86' lang='lat' dir='ltr'>This</span> <span class='ocrx_word' id='word_1_333' title='bbox 772 3743 893 3797; x_wconf 86' lang='lat' dir='ltr'>demand</span> <span class='ocrx_word' id='word_1_334' title='bbox 908 3758 964 3795; x_wconf 85' lang='lat' dir='ltr'>was</span> <span class='ocrx_word' id='word_1_335' title='bbox 978 3741 1068 3795; x_wconf 88' lang='lat' dir='ltr'>called</span> <span class='ocrx_word' id='word_1_336' title='bbox 1087 3742 1206 3812; x_wconf 69' lang='lat' dir='ltr'>elur-ipa·</span> 
     </span>
     <span class='ocr_line' id='line_1_40' title="bbox 107 3825 1204 3903; baseline 0.002 -23"><span class='ocrx_word' id='word_1_337' title='bbox 107 3826 171 3890; x_wconf 79' lang='grc' dir='ltr'><em>ιὶοη,</em></span> <span class='ocrx_word' id='word_1_338' title='bbox 190 3843 221 3880; x_wconf 90' lang='lat' dir='ltr'>as</span> <span class='ocrx_word' id='word_1_339' title='bbox 236 3825 320 3897; x_wconf 80' lang='lat' dir='ltr'>Pliny</span> <span class='ocrx_word' id='word_1_340' title='bbox 334 3826 458 3903; x_wconf 82' lang='lat' dir='ltr'>testifies.</span> <span class='ocrx_word' id='word_1_341' title='bbox 503 3827 555 3881; x_wconf 88' lang='lat' dir='ltr'>We</span> <span class='ocrx_word' id='word_1_342' title='bbox 573 3827 643 3882; x_wconf 86' lang='lat' dir='ltr'>hare</span> <span class='ocrx_word' id='word_1_343' title='bbox 658 3829 687 3881; x_wconf 90' lang='lat' dir='ltr'>in</span> <span class='ocrx_word' id='word_1_344' title='bbox 701 3829 771 3898; x_wconf 72' lang='lat' dir='ltr'>Livy</span> <span class='ocrx_word' id='word_1_345' title='bbox 786 3845 804 3882; x_wconf 90' lang='lat' dir='ltr'>a</span> <span class='ocrx_word' id='word_1_346' title='bbox 825 3827 998 3882; x_wconf 86' lang='lat' dir='ltr'>conditional</span> <span class='ocrx_word' id='word_1_347' title='bbox 1016 3826 1204 3882; x_wconf 78' lang='lat' dir='ltr'>declaration:</span> 
     </span>
     <span class='ocr_line' id='line_1_41' title="bbox 106 3910 1207 3985; baseline 0.002 -20"><span class='ocrx_word' id='word_1_348' title='bbox 106 3910 170 3966; x_wconf 91' lang='lat' dir='ltr'>that</span> <span class='ocrx_word' id='word_1_349' title='bbox 184 3913 235 3966; x_wconf 73' lang='lat' dir='ltr'>cla</span> <span class='ocrx_word' id='word_1_350' title='bbox 249 3911 352 3984; x_wconf 78' lang='lat' dir='ltr'>iujury‚</span> <span class='ocrx_word' id='word_1_351' title='bbox 366 3921 454 3983; x_wconf 78' lang='lat' dir='ltr'>ueeept</span> <span class='ocrx_word' id='word_1_352' title='bbox 475 3913 497 3966; x_wconf 86' lang='lat' dir='ltr'>it</span> <span class='ocrx_word' id='word_1_353' title='bbox 514 3930 580 3967; x_wconf 82' lang='lat' dir='ltr'>wera</span> <span class='ocrx_word' id='word_1_354' title='bbox 602 3916 733 3968; x_wconf 66' lang='lat' dir='ltr'>remediari</span> <span class='ocrx_word' id='word_1_355' title='bbox 752 3917 785 3985; x_wconf 78' lang='lat' dir='ltr'>by</span> <span class='ocrx_word' id='word_1_356' title='bbox 800 3916 868 3968; x_wconf 80' lang='lat' dir='ltr'>ilose</span> <span class='ocrx_word' id='word_1_357' title='bbox 882 3915 940 3967; x_wconf 81' lang='lat' dir='ltr'>coto</span> <span class='ocrx_word' id='word_1_358' title='bbox 955 3913 1011 3966; x_wconf 81' lang='lat' dir='ltr'>bod</span> <span class='ocrx_word' id='word_1_359' title='bbox 1025 3914 1090 3966; x_wconf 82' lang='lat' dir='ltr'>douc</span> <span class='ocrx_word' id='word_1_360' title='bbox 1104 3914 1135 3975; x_wconf 89' lang='lat' dir='ltr'>it,</span> <span class='ocrx_word' id='word_1_361' title='bbox 1149 3915 1207 3984; x_wconf 71' lang='lat' dir='ltr'>they</span> 
     </span>
     <span class='ocr_line' id='line_1_42' title="bbox 106 3997 1214 4071; baseline 0.001 -21"><span class='ocrx_word' id='word_1_362' title='bbox 106 3997 252 4052; x_wconf 75' lang='lat' dir='ltr'>tteuucloes</span> <span class='ocrx_word' id='word_1_363' title='bbox 266 3998 357 4052; x_wconf 82' lang='lat' dir='ltr'>would</span> <span class='ocrx_word' id='word_1_364' title='bbox 371 3999 442 4068; x_wconf 77' lang='lat' dir='ltr'>repet</span> <span class='ocrx_word' id='word_1_365' title='bbox 450 4017 459 4050; x_wconf 93' lang='grc'>.·</span> <span class='ocrx_word' id='word_1_366' title='bbox 481 3998 537 4052; x_wconf 88' lang='lat' dir='ltr'>and</span> <span class='ocrx_word' id='word_1_367' title='bbox 551 3999 582 4051; x_wconf 92' lang='lat' dir='ltr'>in</span> <span class='ocrx_word' id='word_1_368' title='bbox 597 4000 719 4064; x_wconf 83' lang='lat' dir='ltr'>Tacitus,</span> <span class='ocrx_word' id='word_1_369' title='bbox 733 4009 820 4071; x_wconf 81' lang='lat' dir='ltr'>eeccpt</span> <span class='ocrx_word' id='word_1_370' title='bbox 834 4001 892 4070; x_wconf 80' lang='lat' dir='ltr'>tluy</span> <span class='ocrx_word' id='word_1_371' title='bbox 907 4009 982 4054; x_wconf 80' lang='lat' dir='ltr'>ecurt</span> <span class='ocrx_word' id='word_1_372' title='bbox 992 4000 1165 4070; x_wconf 73' lang='lat' dir='ltr'>punishment</span> <span class='ocrx_word' id='word_1_373' title='bbox 1177 4001 1214 4069; x_wconf 89' lang='lat' dir='ltr'>os</span> 
     </span>
     <span class='ocr_line' id='line_1_43' title="bbox 106 4083 1208 4156; baseline 0.001 -19"><span class='ocrx_word' id='word_1_374' title='bbox 106 4085 147 4137; x_wconf 80' lang='lat' dir='ltr'>tlte</span> <span class='ocrx_word' id='word_1_375' title='bbox 171 4083 308 4153; x_wconf 76' lang='lat' dir='ltr'>offenders,</span> <span class='ocrx_word' id='word_1_376' title='bbox 331 4085 362 4138; x_wconf 82' lang='lat' dir='ltr'>bc</span> <span class='ocrx_word' id='word_1_377' title='bbox 384 4085 475 4138; x_wconf 80' lang='lat' dir='ltr'>would</span> <span class='ocrx_word' id='word_1_378' title='bbox 496 4084 572 4138; x_wconf 78' lang='lat' dir='ltr'>make</span> <span class='ocrx_word' id='word_1_379' title='bbox 591 4104 609 4137; x_wconf 88' lang='lat' dir='ltr'>e</span> <span class='ocrx_word' id='word_1_380' title='bbox 629 4087 814 4156; x_wconf 84' lang='lat' dir='ltr'>promiscuous</span> <span class='ocrx_word' id='word_1_381' title='bbox 835 4087 978 4156; x_wconf 77' lang='lat' dir='ltr'>slauytter.</span> <span class='ocrx_word' id='word_1_382' title='bbox 1017 4084 1081 4137; x_wconf 83' lang='lat' dir='ltr'>And</span> <span class='ocrx_word' id='word_1_383' title='bbox 1106 4085 1136 4137; x_wconf 89' lang='lat' dir='ltr'>in</span> <span class='ocrx_word' id='word_1_384' title='bbox 1158 4083 1208 4138; x_wconf 89' lang='lat' dir='ltr'>the</span> 
     </span>
     <span class='ocr_line' id='line_1_44' title="bbox 105 4155 1207 4242; baseline -0.001 -19"><span class='ocrx_word' id='word_1_385' title='bbox 105 4185 183 4224; x_wconf 87' lang='lat' dir='ltr'>same</span> <span class='ocrx_word' id='word_1_386' title='bbox 204 4185 265 4240; x_wconf 83' lang='lat' dir='ltr'>way</span> <span class='ocrx_word' id='word_1_387' title='bbox 287 4170 316 4223; x_wconf 85' lang='lat' dir='ltr'>in</span> <span class='ocrx_word' id='word_1_388' title='bbox 333 4168 383 4223; x_wconf 89' lang='lat' dir='ltr'>the</span> <span class='ocrx_word' id='word_1_389' title='bbox 402 4169 541 4241; x_wconf 75' lang='lat' dir='ltr'>Supplices</span> <span class='ocrx_word' id='word_1_390' title='bbox 560 4170 592 4224; x_wconf 85' lang='lat' dir='ltr'>ol</span> <span class='ocrx_word' id='word_1_391' title='bbox 608 4155 775 4242; x_wconf 77' lang='lat' dir='ltr'>Euripides3</span> <span class='ocrx_word' id='word_1_392' title='bbox 793 4171 849 4225; x_wconf 86' lang='lat' dir='ltr'>and</span> <span class='ocrx_word' id='word_1_393' title='bbox 872 4172 978 4225; x_wconf 84' lang='lat' dir='ltr'>Statius</span> <span class='ocrx_word' id='word_1_394' title='bbox 998 4171 1028 4223; x_wconf 91' lang='lat' dir='ltr'>in</span> <span class='ocrx_word' id='word_1_395' title='bbox 1045 4169 1088 4224; x_wconf 89' lang='lat' dir='ltr'>his</span> <span class='ocrx_word' id='word_1_396' title='bbox 1110 4186 1207 4223; x_wconf 85' lang='lat' dir='ltr'>narra-</span> 
     </span>
     <span class='ocr_line' id='line_1_45' title="bbox 105 4255 1208 4328; baseline -0.001 -20"><span class='ocrx_word' id='word_1_397' title='bbox 105 4255 166 4309; x_wconf 90' lang='lat' dir='ltr'>tion</span> <span class='ocrx_word' id='word_1_398' title='bbox 181 4255 215 4308; x_wconf 83' lang='lat' dir='ltr'>of</span> <span class='ocrx_word' id='word_1_399' title='bbox 226 4255 277 4309; x_wconf 85' lang='lat' dir='ltr'>the</span> <span class='ocrx_word' id='word_1_400' title='bbox 291 4272 368 4310; x_wconf 90' lang='lat' dir='ltr'>same</span> <span class='ocrx_word' id='word_1_401' title='bbox 383 4264 487 4310; x_wconf 78' lang='lat' dir='ltr'>matter</span> <span class='ocrx_word' id='word_1_402' title='bbox 501 4257 530 4309; x_wconf 90' lang='lat' dir='ltr'>in</span> <span class='ocrx_word' id='word_1_403' title='bbox 544 4256 593 4310; x_wconf 87' lang='lat' dir='ltr'>the</span> <span class='ocrx_word' id='word_1_404' title='bbox 610 4258 728 4311; x_wconf 78' lang='lat' dir='ltr'>Tlubais.</span> <span class='ocrx_word' id='word_1_405' title='bbox 774 4257 908 4328; x_wconf 84' lang='lat' dir='ltr'>Polybius</span> <span class='ocrx_word' id='word_1_406' title='bbox 923 4257 990 4311; x_wconf 88' lang='lat' dir='ltr'>calls</span> <span class='ocrx_word' id='word_1_407' title='bbox 1005 4256 1061 4311; x_wconf 88' lang='lat' dir='ltr'>this</span> <span class='ocrx_word' id='word_1_408' title='bbox 1080 4255 1208 4310; x_wconf 68' lang='lat' dir='ltr'>amana</span> 
     </span>
     <span class='ocr_line' id='line_1_46' title="bbox 104 4340 791 4414; baseline 0.004 -19"><span class='ocrx_word' id='word_1_409' title='bbox 104 4343 152 4412; x_wconf 72' lang='lat' dir='ltr'>inp</span> <span class='ocrx_word' id='word_1_410' title='bbox 164 4342 352 4414; x_wconf 66' lang='lat' dir='ltr'>satbfoctiom</span> <span class='ocrx_word' id='word_1_411' title='bbox 376 4340 425 4395; x_wconf 88' lang='lat' dir='ltr'>the</span> <span class='ocrx_word' id='word_1_412' title='bbox 441 4341 487 4395; x_wconf 89' lang='lat' dir='ltr'>old</span> <span class='ocrx_word' id='word_1_413' title='bbox 502 4342 636 4406; x_wconf 86' lang='lat' dir='ltr'>Romans,</span> <span class='ocrx_word' id='word_1_414' title='bbox 649 4343 791 4398; x_wconf 78' lang='lat' dir='ltr'>cmsdiccre.</span> 
     </span>
     <span class='ocr_line' id='line_1_47' title="bbox 156 4425 1023 4502; baseline -0.002 -20"><span class='ocrx_word' id='word_1_415' title='bbox 156 4426 183 4482; x_wconf 75' lang='grc' dir='ltr'><strong>Α</strong></span> <span class='ocrx_word' id='word_1_416' title='bbox 197 4443 271 4500; x_wconf 88' lang='lat' dir='ltr'>pure</span> <span class='ocrx_word' id='word_1_417' title='bbox 286 4425 458 4484; x_wconf 84' lang='lat' dir='ltr'>declaration</span> <span class='ocrx_word' id='word_1_418' title='bbox 472 4427 496 4483; x_wconf 87' lang='lat' dir='ltr'>is</span> <span class='ocrx_word' id='word_1_419' title='bbox 511 4426 585 4483; x_wconf 86' lang='lat' dir='ltr'>what</span> <span class='ocrx_word' id='word_1_420' title='bbox 597 4428 620 4483; x_wconf 87' lang='lat' dir='ltr'>is</span> <span class='ocrx_word' id='word_1_421' title='bbox 635 4428 785 4502; x_wconf 81' lang='lat' dir='ltr'>especially</span> <span class='ocrx_word' id='word_1_422' title='bbox 799 4428 890 4483; x_wconf 81' lang='lat' dir='ltr'>called</span> <span class='ocrx_word' id='word_1_423' title='bbox 904 4428 1023 4482; x_wconf 77' lang='lat' dir='ltr'>indictio.</span> 
     </span>
    </p>
   </div>
   <div class='ocr_carea' id='block_1_10' title="bbox 0 0 1467 4906">
    <p class='ocr_par' dir='ltr' id='par_1_14' title="bbox 0 0 1467 4906">
     <span class='ocr_line' id='line_1_48' title="bbox 0 0 1467 4906; baseline 0 0"><span class='ocrx_word' id='word_1_424' title='bbox 0 0 1467 4906; x_wconf 95' lang='lat' dir='ltr'> </span> 
     </span>
    </p>
   </div>
  </div>
 </body>
</html>
