2916 4906
102 294 170 350 Car.
186 291 223 361 1.]
266 294 436 351 REGULAE
460 296 689 354 cannetum
709 298 767 355 EX
785 300 885 356 wau
906 300 1089 357 NATURAE.
1182 294 1203 356 9

100 458 258 527 tenebitur
275 459 315 525 de
331 460 453 536 damno,
471 459 528 526 sed
544 468 576 525 et
593 460 804 539 criminaliter,
827 470 863 529 ut
879 462 907 529 ia
923 464 976 550 qui
988 464 1086 550 judici
1102 464 1203 530 immi-

100 558 189 623 nenti
202 579 290 623 reum
307 557 501 624 manifestum
513 557 641 626 eximit:
657 570 753 646 atque
769 583 806 626 eo
822 563 946 629 nomine
962 563 1065 629 licebit
1082 564 1115 628 in
1131 587 1203 630 enm

101 664 242 722 statuere
267 656 350 743 quod
373 655 486 722 delicto
512 657 666 734 convenit,
691 660 860 725 secundum
883 684 921 726 ea
945 684 1016 748 quae
1041 663 1082 727 de
1104 662 1203 750 peanis

101 754 254 832 diximum
273 776 372 841 quare
388 754 473 820 intra
489 776 560 820 eum
576 756 701 822 modum
718 758 811 823 etiam
828 760 955 847 spoliari
972 760 1096 848 poterit.

176 858 198 919 4
233 854 278 920 Et
294 854 352 919 hae
372 854 412 919 ob
429 875 537 919 causas
553 853 695 922 scienta
716 856 831 923 bellum
853 861 1034 947 gerentibus
1054 860 1204 948 ⁰publicae

102 1035 155 1078 tum
163 1031 219 1078 inde
224 1030 340 1091 jemolim
347 1030 437 1077 bellum
447 1030 629 1091 intereeagen-
679 1035 705 1079 et
718 1032 833 1081 Bollandi
848 1035 953 1096 sociique
964 1050 1047 1084 eornm
1060 1052 1114 1085 cum
1125 1038 1206 1086 Lube-

102 1111 141 1152 tea
157 1120 185 1153 eo
202 1105 268 1153 exitu
282 1110 311 1152 ιιι
325 1104 390 1152 Dani
405 1106 495 1166 Augila
510 1107 629 1153 tributum
678 1110 789 1156 censibus
805 1111 923 1171 eociisqm
940 1127 1023 1159 eorum
1043 1114 1121 1161 fecere
1141 1128 1205 1161 anno

102 1180 258 1240 imponerem,
269 1180 417 1238 callinico
426 1180 524 1226 denario
534 1194 629 1240 nomen,
679 1184 725 1231 cla
733 1183 845 1231 lccxrrr.
863 1199 894 1233 ne
906 1191 949 1232 aut
959 1188 984 1232 hi
994 1193 1037 1234 ant
1051 1188 1087 1234 illl
1100 1189 1206 1236 hostium

102 1255 149 1311 cci,
159 1255 366 1314 mutataquamvis
376 1268 549 1311 musanomen
559 1269 628 1301 man-
679 1259 787 1305 subditos
803 1260 868 1307 intra
882 1274 938 1307 suos
955 1262 1016 1309 linea
1033 1265 1133 1310 merceri
1150 1278 1206 1324 per-

102 1329 134 1374 eit
145 1329 251 1389 adusque
262 1333 374 1388 tempora
386 1327 511 1374 Guilielrni
522 1328 573 1388 ejas
586 1329 629 1389 qui
679 1333 810 1393 mitterent,
831 1340 874 1382 aut
894 1336 975 1383 hortae
993 1338 1103 1397 pecunie,
1122 1340 1206 1397 milite,

102 1405 201 1464 etirpem
212 1418 275 1451 nunc
284 1410 427 1467 regnorum
437 1404 462 1449 ln
473 1403 564 1464 Anglia
572 1404 629 1450 run-
679 1408 787 1465 naribus,
801 1410 866 1456 rictu
880 1411 1009 1472 Juvarent:
1034 1417 1059 1460 et
1079 1414 1206 1474 ροιιοιιιιο,

103 1480 175 1537 davit,
190 1484 218 1527 ιιι
228 1480 320 1527 notavit
335 1480 372 1527 vir
387 1494 483 1540 magnae
496 1479 552 1526 fidei
563 1480 630 1526 Thu·
679 1483 1206 1535 mnoseffleetctolncxxmaintersmdie

102 1569 163 1600 anne
182 1554 207 1600 in
224 1554 325 1600 hietoria
343 1555 400 1600 anni
421 1555 629 1603 clolouxxxrx.
678 1555 891 1619 Dauimqneregee
904 1561 1016 1608 convenit
1026 1566 1054 1608 ιιι
1064 1562 1148 1610 Dauus
1159 1565 1205 1609 isn-

102 1631 208 1677 Rursnm
231 1631 262 1676 ab
282 1630 430 1687 Elisabetha,
455 1630 630 1690 sapientissima
679 1632 878 1692 pediretomnem
892 1641 1023 1682 mercatum
1040 1652 1094 1683 cum
1104 1638 1205 1685 Daulis·

103 1705 200 1766 Anglire
206 1705 297 1766 regina
308 1704 374 1750 misai
383 1718 447 1751 anno
458 1705 627 1752 clelnaxxv.
679 1707 744 1753 cenis
761 1709 834 1755 Suedi
849 1710 965 1768 hostibus,
983 1712 1025 1758 aed
1041 1727 1086 1759 nec
1100 1715 1131 1759 ad
1145 1714 1206 1761 alios

103 1780 135 1826 ad
144 1779 248 1826 Batavoe
258 1778 401 1826 Wilhelmna
410 1779 536 1825 Winbarus
549 1792 579 1825 ex
589 1792 629 1824 or·
680 1778 753 1827 Suedi
771 1782 852 1828 hostes
868 1797 959 1831 merces
976 1786 1038 1832 ullas
1055 1800 1100 1846 per
1115 1788 1206 1834 {retum

103 1854 161 1901 dine
171 1854 275 1914 equestri
288 1859 314 1901 et
326 1854 448 1901 liebertum
459 1854 548 1901 Bealna
560 1854 629 1913 regio
681 1854 827 1902 cimbricum
836 1857 872 1904 ire
881 1859 977 1915 sineret,
988 1873 1032 1919 pro
1043 1874 1091 1919 quo
1101 1875 1144 1908 rex
1154 1863 1205 1908 Da-

103 1928 204 1976 coneilio
223 1929 255 1975 ab
274 1928 391 1989 epistolis,
411 1929 453 1988 qul
476 1929 630 1976 ostenderent
679 1930 725 1975 nie
738 1930 785 1976 alia
798 1931 842 1976 sibi
853 1932 954 1979 vicissim
964 1935 1090 1980 commoda
1102 1937 1205 1995 stipula-

103 2004 167 2050 ierre
175 2004 269 2064 Anglos
280 2016 327 2048 non
339 2017 417 2063 posse,
427 2003 493 2064 quod
502 2003 595 2061 Batavi,
604 2003 629 2048 in
681 2008 719 2048 tua
729 2009 779 2051 eat:
793 2005 836 2051 sed
845 2006 897 2052 haec
906 2012 963 2053 suut
974 2012 1045 2067 pecta
1054 2011 1166 2068 specialis
1176 2025 1206 2057 ex

104 2077 156 2137 ipso
170 2083 231 2124 astu
241 2076 299 2123 belli
308 2077 333 2122 in
346 2077 475 2137 Hispanos,
490 2091 563 2124 narse
575 2079 629 2124 An·
680 2078 767 2138 quibus
783 2079 843 2126 nihil
856 2081 939 2128 inferri
950 2087 1031 2141 potest
1043 2084 1109 2145 qnod
1123 2099 1206 2131 omnes

103 2153 198 2213 giorum
208 2153 239 2199 ad
249 2152 392 2212 Hispanicoe
403 2153 630 2212 portusvectaedo-
680 2153 779 2214 obliget.
810 2155 873 2201 Nam
889 2160 915 2202 et
929 2157 989 2203 illud
1006 2157 1031 2202 in
1047 2159 1142 2219 aeriptis
1156 2160 1206 2206 suia

103 2232 246 2276 ιοιιιωοιιι.
276 2228 366 2274 Narrat
375 2228 499 2274 Reidanns
509 2229 533 2274 ln
544 2228 630 2274 Histo-
680 2229 762 2276 dixere
772 2230 894 2288 Germani,
904 2245 952 2277 non
964 2245 1046 2278 omnes
1056 2233 1132 2294 pactis
1142 2248 1206 2281 rner-

103 2303 145 2349 ea'c
153 2303 275 2349 Bctcoica
288 2302 357 2364 (pag.
368 2304 404 2351 17.
427 2302 491 2352 Vere.
502 2304 585 2351 Latia.
595 2302 630 2350 D.
680 2318 720 2350 ces
735 2304 863 2364 prohiberi,
878 2306 920 2352 sed
934 2320 975 2353 eas
985 2321 1039 2366 quse
1050 2308 1076 2353 in
1090 2309 1206 2370 Angliam

108 2376 187 2436 Voce.)
202 2391 265 2423 anno
277 2378 323 2424 clo
330 2378 360 2424 Ic
367 2389 448 2423 cxxv.
463 2383 489 2424 et
499 2378 631 2425 Britannus
680 2380 754 2427 semel
764 2381 900 2440 importatae
913 2388 956 2429 ant
966 2383 991 2429 in
1001 2384 1099 2444 anglie
1109 2399 1207 2446 compa-

106 2453 243 2500 Camdenus
262 2468 327 2500 enno
345 2458 478 2514 sequente:
500 2454 570 2515 (peg.
586 2457 632 2503 273
680 2461 739 2501 retra
754 2461 842 2503 essem.
872 2456 958 2517 Neque
968 2471 1024 2504 vero
1037 2459 1081 2504 soli
1092 2459 1207 2506 Germani

103 2529 154 2576 Ed.
164 2529 284 2590 Elserir.)
316 2530 378 2576 Cum
388 2543 445 2576 vero
455 2530 540 2590 Angli,
549 2536 575 2576 et
584 2530 631 2591 ipsi
680 2530 769 2589 Anglis
779 2545 833 2576 cum
843 2531 913 2577 hoste
922 2545 966 2578 sno
975 2534 1207 2580 commerciavstan-

105 2604 218 2664 Hispanis
227 2605 309 2650 hostes
322 2604 389 2661 facti,
401 2605 537 2651 Germaniae
548 2605 632 2652 cirita·
680 2604 745 2650 libna
751 2605 924 2652 contradixere.
941 2606 1021 2652 Etiam
1028 2607 1129 2653 Polonia
1135 2607 1208 2655 misac

104 2679 168 2725 tibus
174 2679 216 2738 jos
225 2679 249 2725 in
259 2679 400 2739 Hispaniam
410 2679 537 2740 navigandi
547 2681 631 2727 turba-
680 2679 763 2739 legato
773 2683 904 2738 conquesta
914 2684 951 2724 eet
959 2679 1000 2739 jus
1010 2679 1119 2739 gentim
1128 2680 1208 2727 immi-

104 2758 167 2809 rent,
182 2767 254 2813 quam
270 2754 295 2799 id
310 2766 359 2799 non
374 2758 441 2800 certo
451 2753 508 2814 jure
521 2755 631 2812 iecerint,
680 2754 730 2809 nui,
740 2754 836 2813 quando
846 2754 878 2798 cb
885 2753 1015 2813 Anglicum
1025 2767 1079 2798 cum
1093 2754 1209 2814 Hispania

105 2833 207 2888 apparet
227 2843 257 2874 ex
275 2828 370 2888 scriptia
388 2829 529 2875 adversariis
551 2829 632 2890 gentle
681 2828 771 2874 bellum
787 2828 845 2888 ipsis
860 2841 915 2873 cum
932 2827 1047 2887 Hispanis
1065 2832 1208 2877 commercia

105 2904 241 2963 utriusque,
261 2903 339 2963 dignis
353 2904 419 2950 lectu
436 2905 467 2950 ad
487 2904 631 2950 noscendam
681 2903 789 2963 agitandi
798 2902 897 2949 libertae
906 2902 1060 2959 adimeretur,
1070 2907 1098 2949 nt
1107 2904 1132 2949 ln
1143 2918 1208 2952 anno

106 2977 169 3023 hanc
177 2978 370 3024 controversiam.
390 2978 632 3035 Etnotandnm,An-
682 2978 728 3025 olc
735 2978 765 3024 1ο
771 2989 854 3024 xcvu.
865 2981 963 3023 carram
973 2978 1099 3024 memorati
1103 2978 1155 3038 jam
1163 2994 1209 3026 nc-

105 3053 160 3113 glos
175 3052 199 3098 in
210 3052 258 3098 suis
269 3052 364 3112 scripse
377 3052 444 3113 ipsos
459 3052 484 3098 id
494 3066 632 3112 agnoscere,
681 3053 719 3099 bis
730 3053 866 3099 camdenus
876 3057 901 3098 et
911 3051 1042 3100 Reidanus.
1064 3054 1207 3112 (cambden.

105 3128 632 3188 cumduomaximeproenaafferuntcansa,
682 3125 893 3185 pegeeaeeeeqq.
902 3123 972 3170 Reid
981 3126 1207 3186 pag.372,eteeqq.)

105 3210 131 3251 ee
141 3205 198 3250 belli
211 3204 373 3251 instrumenta
385 3203 459 3250 fuisse
472 3217 527 3264 qu„
542 3204 631 3251 aaa.
683 3200 749 3246 Galli
756 3213 812 3246 vero
821 3207 877 3259 post
884 3213 967 3260 pacem
974 3197 1143 3247 Verbiniaoam
1153 3215 1208 3247 cum

105 3279 182 3324 menia
200 3279 226 3324 in
249 3279 391 3338 Hispaniam
410 3278 587 3335 deferebantur,
606 3282 632 3324 et
682 3273 899 3333 Hispanoiaetam,
913 3273 1159 3334 ElisabethaAnglire
1169 3288 1208 3320 re·

106 3354 228 3413 pactiones
235 3358 328 3400 veteres
337 3353 485 3399 intercedere
495 3366 543 3412 quc
553 3352 632 3398 minus
682 3348 739 3409 gina
755 3347 780 3393 in
794 3347 858 3393 bello
869 3352 999 3407 perstante,
1013 3349 1092 3407 rogati
1107 3349 1138 3394 ab
1154 3348 1208 3393 An-

106 3428 130 3474 ld
141 3429 192 3476 fieri
201 3429 297 3477 liceret:
314 3429 397 3490 quales
410 3432 495 3490 postea
509 3428 632 3488 pactiones
681 3424 729 3484 glis
751 3427 779 3469 ut
801 3436 873 3469 noves
894 3422 999 3468 Gallicas
1022 3422 1047 3468 in
1068 3422 1208 3482 Hispaniam

106 3670 169 3724 flrm
182 3670 282 3724 himin
297 3687 314 3724 a
328 3674 402 3724 most
416 3671 512 3741 unjuet
529 3686 594 3735 war,
607 3667 645 3723 he
657 3668 713 3722 will
725 3667 795 3722 then
806 3667 843 3722 be
857 3665 954 3721 bound
972 3672 1002 3720 ιο
1014 3681 1060 3719 ιιιο
1075 3669 1126 3718 ιιοι
1140 3664 1208 3736 only

107 3756 209 3827 civilly,
220 3755 266 3810 for
279 3755 330 3810 the
344 3755 471 3826 damage,
483 3756 536 3811 but
548 3756 606 3810 also
619 3753 784 3823 criminally,
798 3769 830 3807 as
844 3751 929 3821 being
941 3767 995 3805 one
1007 3749 1069 3803 who
1084 3757 1209 3820 protecta

106 3858 124 3894 a
135 3841 268 3896 manifest
279 3841 408 3896 criminal
419 3841 492 3895 from
504 3841 554 3896 the
561 3839 649 3910 judgo
661 3838 723 3893 who
735 3839 758 3892 is
771 3839 857 3893 about
869 3844 899 3891 ιο
911 3836 1000 3890 inflict
1011 3834 1206 3906 punishment:

107 3927 162 3981 and
175 3944 212 3981 on
225 3926 287 3982 that
297 3927 408 3998 ground
420 3928 443 3982 it
455 3927 510 3980 will
522 3927 558 3982 be
569 3924 664 3980 lawful
676 3932 706 3980 ιο
718 3924 784 3979 take
796 3922 864 3978 such
877 3938 1017 3976 mensures
1029 3922 1138 3992 against
1149 3921 1210 3975 him

106 4029 137 4067 as
152 4029 201 4068 are
222 4013 343 4068 suitable
361 4019 392 4067 to
414 4012 463 4068 the
478 4013 593 4077 offense,
614 4010 764 4080 according
778 4015 808 4063 ιο
823 4007 872 4063 the
887 4008 1037 4079 principles
1056 4007 1113 4061 laid
1128 4007 1209 4061 doen

106 4098 137 4151 in
150 4098 287 4170 speaking
306 4098 339 4152 of
353 4098 549 4169 punishment3
570 4097 627 4152 and
642 4095 783 4152 therefore
798 4102 827 4150 tc
842 4093 904 4149 that
918 4100 1015 4148 extent
1033 4092 1070 4148 hs
1088 4109 1153 4163 may
1172 4092 1209 4147 be

106 4183 250 4254 subjected
262 4190 293 4238 ιο
306 4184 466 4255 spoliation.

158 4276 176 4322 4
192 4270 238 4323 On
249 4268 304 4324 this
314 4275 442 4333 account,
452 4266 646 4341 belligerenta'
657 4267 816 4339 commonly
826 4267 899 4321 issue
911 4264 1072 4319 manifestos
1085 4269 1115 4317 tc
1127 4261 1210 4316 other

151 4376 440 4437 οΤιιοιοιιιοοιιιιιιιοιοι
455 4378 482 4423 oi
494 4377 560 4424 rolee
574 4392 606 4424 οιι
621 4377 669 4424 thia
682 4375 774 4436 subject
788 4375 813 4420 in
829 4374 870 4420 the
885 4374 979 4419 Roman
998 4372 1064 4418 Law.
1095 4369 1153 4431 [See
1168 4369 1210 4415 the

108 4451 266 4512 cantatione]
297 4453 327 4499 ln
343 4452 443 4498 modern
460 4452 538 4512 times,
558 4454 599 4500 the
617 4452 681 4500 book
695 4449 822 4499 consolato
840 4447 879 4496 del
888 4447 961 4495 More
977 4461 1026 4494 was
1041 4443 1168 4506 publiahed
1184 4442 1210 4488 in
