2916 4906
263 207 328 270 246
384 215 737 273 TEMPERAMENTUM
759 215 872 272 elnon
893 216 1170 272 VASTATIONEM
1220 211 1293 286 [lans.
1305 217 1385 273 1112

263 402 359 457 aenus,
386 403 540 466 maqnam
571 383 614 446 ab
642 382 785 447 hostibus
808 383 891 467 speie
916 382 1163 447 denudandam
1191 383 1363 467 captabat.

101 473 103 479 ’
151 528 174 534 .,
262 477 329 547 tDe
358 480 485 560 Quintio
506 487 538 544 et
564 479 617 565 qui
641 501 711 544 cum
736 501 774 545 eo
795 488 886 546 erant
910 479 1058 544 Romanis
1081 478 1268 545 Plutarchus
1293 502 1364 546 cum

262 568 332 669 quae
362 601 457 666 supra
485 576 618 643 diximus
644 587 920 655 commemorasset,
946 578 1053 644 addit:
1078 580 1174 662 liujus
1199 581 1364 646 modntia

262 703 328 746 nort
345 681 445 744 multo
454 690 531 763 poet
538 680 697 762 fructum
714 681 833 765 capum
842 703 855 754 ,·
872 702 949 743 nam
964 681 1054 743 utin
1073 680 1281 744 Thessaliam
1287 703 1365 765 per·

261 790 460 855 certamen,
478 779 660 861 defecuurn
677 780 723 842 ad
739 801 810 844 eum
826 781 925 844 urbes.
958 781 1044 843 Tum
1060 800 1134 844 uero
1150 790 1180 844 et
1197 781 1255 861 qui
1270 780 1364 845 iutra

268 879 503 963 Thermopylas
525 879 719 942 babitabant
745 879 857 944 Greci
876 879 1046 954 Quintium
1067 879 1257 944 ardentibus
1279 881 1364 946 uotis

262 980 514 1045 desiderabant:
549 978 664 1042 Achai
692 999 775 1057 aero,
804 979 992 1044 renuntiata
1022 977 1172 1063 Philippi
1198 979 1363 1056 amicitia,

261 1080 443 1145 socidatem
467 1080 808 1143 adrumentorum
828 1079 988 1144 Romanis
1006 1079 1161 1143 inierunt.
1215 1074 1268 1142 De
1287 1077 1364 1142 Lin-

261 1199 378 1265 gonum
394 1176 519 1242 civitate
531 1196 602 1260 quae
619 1175 709 1250 bello,
728 1176 811 1262 quod
824 1175 918 1242 ductu
932 1175 1077 1252 Cerealis,
1095 1174 1238 1263 auspiciis
1256 1183 1363 1243 autom

261 1275 442 1351 Domitiani,
464 1274 497 1338 in
515 1273 646 1340 Civilem
663 1275 817 1341 Batavum
838 1275 966 1362 ejusque
987 1273 1084 1340 socios
1104 1276 1284 1364 gerebatur,
1307 1297 1363 1363 pc·

261 1374 451 1462 pulationem
473 1372 672 1439 formidatam
694 1382 845 1452 evaserat,
871 1374 914 1440 sic
939 1383 1048 1440 narrat
1069 1374 1246 1451 Frontinus,
1266 1378 1364 1458 'quod

262 1487 376 1541 contra
388 1475 654 1561 exspectationem
670 1475 834 1539 inuiolata
850 1475 939 1541 nihii
949 1497 988 1540 ea
1000 1476 1096 1540 rebus
1112 1476 1182 1540 euie
1195 1477 1362 1553 amiserat,

262 1577 309 1640 ad
333 1575 516 1660 obsequium
537 1575 674 1638 reducta
697 1575 907 1660 septuaqinta
931 1575 1040 1640 millia
1061 1586 1267 1640 armatorum
1293 1587 1365 1640 tra-

261 1676 350 1739 didit
375 1675 414 1739 ei.

329 1775 350 1836 3
382 1770 523 1838 Consiliis
539 1770 702 1836 contrariis
718 1771 865 1839 contrarii
880 1793 1004 1859 quoque
1018 1781 1167 1840 eventus:
1186 1772 1364 1860 exemplum

97 1877 247 1918 mmm
261 1872 317 1939 dat
333 1870 439 1937 Livius
455 1870 489 1936 in
504 1870 676 1936 Annibale:
701 1875 851 1956 Pracepe
872 1875 910 1937 in
931 1875 1113 1938 auaritiam
1129 1885 1159 1938 et
1182 1875 1364 1939 crudelita·

263 1986 323 2038 tem
347 1973 487 2047 animus,
513 1972 560 2035 ad
580 1971 758 2055 malianda
779 1994 851 2058 qua
877 1974 963 2036 tueri
984 1974 1144 2058 nequibat,
1165 1984 1203 2036 ut
1226 1984 1365 2039 uastam

262 2073 347 2138 boeti
368 2072 633 2153 relinquerentur,
654 2071 839 2136 inclinauit.
884 2072 928 2135 Id
941 2073 1071 2155 fadum
1093 2072 1267 2137 canalium
1289 2094 1364 2137 cum

261 2174 387 2256 incepta
408 2183 475 2235 tum
495 2170 595 2234 etiam
617 2171 705 2234 ecitu
721 2172 820 2254 fuit:
845 2192 944 2255 neque
963 2172 1047 2236 enim
1070 2173 1215 2255 indique
1233 2175 1364 2256 patien-

262 2273 347 2336 tium
378 2272 471 2335 modo
499 2269 776 2335 abalienabantur
805 2272 920 2345 animi,
947 2271 1002 2335 aed
1032 2282 1207 2336 octaorum
1236 2271 1361 2336 etiam:

261 2373 378 2456 quippe
394 2372 441 2434 ad
450 2369 564 2455 plures
580 2369 756 2453 cuempiam
773 2391 870 2454 quarn
887 2369 1063 2435 calamitae
1074 2371 1271 2454 pertinebat.

96 2477 223 2562 diiii?
329 2475 351 2533 4
385 2467 587 2534 Verissimum
603 2475 707 2532 autem
730 2467 838 2545 sentio,
856 2468 941 2554 quod
960 2489 981 2533 a
1001 2467 1155 2555 theologis
1178 2468 1363 2554 quibusdam

96 2535 240 2660 {mliii
261 2575 401 2634 notatum
418 2576 475 2644 est,
493 2576 525 2633 et
543 2588 731 2632 summarum
747 2574 937 2653 potestatum
961 2576 993 2632 et
1010 2568 1121 2632 dueum
1138 2568 1192 2653 qui
1210 2566 1363 2633 Christia-

260 2690 317 2733 nos
339 2690 373 2733 se
390 2676 458 2733 eta
479 2667 549 2732 Deo
567 2674 599 2731 ct
614 2666 653 2731 ab
675 2666 848 2733 hominibus
870 2666 980 2731 haberi
997 2666 1105 2731 volunt
1129 2666 1259 2732 officium
1283 2689 1361 2744 esse,

261 2767 404 2834 violentis
419 2765 543 2832 urbium
560 2763 784 2852 direptionibus
800 2774 834 2831 et
850 2766 877 2830 si
893 2765 968 2851 quid
984 2765 1034 2830 his
1050 2764 1148 2830 simile
1165 2774 1213 2831 est
1229 2765 1362 2832 interce-

261 2867 346 2945 dere,
364 2875 399 2932 ut
414 2888 484 2951 quae
498 2864 585 2930 ubire
602 2886 664 2929 non
681 2864 800 2952 possint
814 2864 879 2930 sine
891 2864 1074 2954 gravissimo
1090 2864 1256 2930 multorum
1274 2865 1362 2930 inno-

306 3038 367 3083 tDe
385 3034 493 3095 Quintio]
519 3034 613 3094 Nempe
634 3036 664 3082 T.
684 3035 786 3091 Quintio
835 3036 934 3096 ἔνορκον
953 3036 982 3091 ἦν
1005 3040 1062 3082 τοῖς
1084 3035 1207 3096 ἀρχαίοις,
1231 3036 1362 3095 Μηδομίαν

260 3112 280 3158 F
283 3111 388 3157 laminl0.
836 3111 914 3156 πόλιν
928 3108 980 3156 τῶν
995 3109 1202 3170 Ἀμφικτυονίδων
1214 3109 1361 3157 ἀνάστατον

305 3186 316 3213 ⁴
341 3185 419 3231 Testis
445 3189 482 3232 eat
501 3185 661 3232 AEsenruns:
688 3186 730 3232 Ἐν
749 3187 786 3232 otc
836 3184 959 3243 ποιήσειν,
984 3184 1027 3232 dcc.
1068 3185 1137 3231 Orat.
1158 3185 1188 3231 de
1208 3185 1270 3232 male
1294 3186 1361 3232 obita

871 3331 1045 3338 -——--—·-

261 3433 356 3489 others
371 3449 450 3487 came
465 3449 531 3488 over
545 3437 575 3486 to
594 3432 681 3487 them.
721 3431 782 3488 The
797 3433 854 3503 city
872 3432 905 3487 of
920 3432 969 3487 the
989 3432 1139 3502 Lingones,
1153 3432 1238 3486 utut
1251 3433 1362 3502 escaped

229 3557 238 3572 ,
262 3522 302 3574 cte
317 3521 500 3589 apprehended
513 3537 613 3589 rauaqe
627 3520 657 3574 in
668 3521 708 3574 tlte
722 3538 783 3573 war
797 3519 905 3591 aquinst
922 3520 1021 3582 Civilia,
1035 3535 1092 3572 war
1106 3519 1220 3572 reduced
1234 3527 1259 3571 tc
1274 3519 1361 3572 obedi·

261 3623 327 3668 enac,
339 3607 397 3658 and
407 3607 528 3676 supplied
541 3615 642 3676 aeventq
657 3607 790 3660 thousand
800 3608 895 3661 amaad
908 3624 985 3665 mene
1007 3621 1038 3658 aa
1052 3605 1205 3659 Frontinus
1219 3603 1331 3658 relatas
1442 3673 1451 3682 ι

315 3696 331 3743 3
355 3691 415 3745 The
430 3693 558 3761 opposito
573 3709 656 3746 cause
671 3693 748 3747 lcads
763 3699 793 3747 to
811 3710 848 3746 an
863 3693 991 3763 opposite
1005 3691 1101 3744 result.
1147 3691 1217 3760 Livy
1232 3690 1308 3759 gives
1323 3707 1360 3744 an

261 3776 389 3844 example
403 3777 433 3829 in
449 3777 579 3840 Annibal,
597 3778 677 3833 when
697 3779 733 3834 he
752 3779 916 3833 committed
934 3794 1035 3847 ravage
1053 3777 1083 3829 in
1101 3775 1144 3830 his
1166 3781 1281 3839 retreat,
1304 3776 1361 3829 and

261 3861 465 3916 alienated'thc
479 3864 580 3929 minds,
600 3864 670 3919 both
691 3865 724 3919 of
745 3866 825 3921 those
847 3865 909 3920 who
929 3863 1059 3927 suffered,
1076 3862 1133 3916 and
1151 3862 1184 3917 of
1201 3860 1283 3917 those
1298 3861 1360 3917 who

260 3947 365 4001 scared.

312 4039 329 4085 4
352 4033 379 4085 It
394 4032 417 4085 is
431 4032 490 4086 also
505 4040 579 4087 most
593 4040 665 4097 true,
683 4051 713 4088 aa
731 4051 808 4090 rome
826 4035 1000 4106 theologicus
1016 4036 1086 4089 have
1106 4034 1202 4098 noted,
1220 4032 1283 4088 that
1298 4033 1321 4087 it
1335 4033 1360 4087 is

260 4119 309 4173 the
324 4118 394 4188 duty
406 4118 439 4170 of
450 4118 539 4172 rulers
554 4119 610 4171 and
622 4120 739 4183 leaders,
749 4121 811 4174 who
823 4122 890 4174 wish
905 4129 935 4176 to
950 4122 986 4176 be
1000 4121 1141 4175 rechoned
1155 4120 1309 4174 Christiane
1320 4118 1360 4190 by

260 4205 326 4259 God
340 4205 395 4258 and
410 4204 448 4274 by
463 4220 536 4267 men,
550 4211 580 4257 to
595 4205 704 4258 abstain
722 4205 796 4259 from
816 4209 952 4277 storming
970 4208 1003 4261 of
1023 4207 1110 4270 citios,
1131 4206 1188 4260 and
1203 4205 1285 4260 other
1300 4205 1359 4260 like

259 4292 363 4346 violent
378 4291 576 4361 proccedinge3
592 4290 682 4344 which
698 4297 801 4346 cnnnot
816 4293 881 4347 take
896 4293 984 4364 pinca,
999 4292 1117 4347 without
1130 4298 1211 4363 great
1226 4291 1360 4361 calamity

258 4384 290 4433 to
305 4394 389 4450 many
401 4378 533 4432 innocent
544 4392 668 4448 persons,
686 4377 742 4431 and
755 4378 834 4433 often
851 4379 888 4433 do
903 4379 976 4434 little
991 4385 1020 4434 to
1035 4385 1164 4451 promoto
1179 4377 1228 4433 the
1243 4377 1313 4432 ends
1329 4375 1362 4431 os
