2910 4928
101 257 170 313 Car.
185 255 282 324 xxi]
346 257 416 312 UBI
437 257 488 312 ΒΕ
511 256 696 323 INDUGIIS,
718 251 943 319 OOMMEATU,
965 255 1047 310 uTc.
1137 244 1200 308 365

177 423 198 486 2
234 420 285 488 Sic
310 444 396 510 ergo,
423 430 515 489 utet
540 421 659 488 Gellius
682 419 770 497 dixit,
794 443 947 506 acopos·
966 433 1013 486 cst
1032 421 1198 486 inducia:
1215 445 1259 482 ua
1259 445 1343 484 crare.

102 522 219 586 bellum
235 524 320 587 euim
337 534 455 596 manet,
475 544 591 607 pupae
614 533 725 587 cessat.
779 519 844 584 Et'
836 542 869 582 ιιι
885 518 1076 606 panegyrico
1093 519 1198 583 Latini
1211 492 1286 594 iiic

102 619 210 685 Pacati
227 620 376 709 legimus:
404 622 546 685 inducite
568 621 653 685 bella
669 620 912 705 suspendebant
966 618 1058 694 Quod
1075 639 1112 682 eo
1130 617 1198 683 dico

100 726 136 783 ut
152 717 292 797 sciamus,
312 719 339 784 si
361 718 436 805 quid
456 717 608 794 convenit,
631 724 668 783 ιιι
687 718 759 783 belli
781 726 922 804 tempore
944 716 1056 796 valeat,
1082 715 1116 780 id
1141 737 1198 803 par

100 815 239 905 inducias
259 839 383 904 quoqne
404 817 519 894 valere,
541 816 601 881 nisi
625 814 787 882 manifeste
809 823 970 902 appareat,
995 837 1059 880 non
1082 822 1198 881 statum

100 916 235 1003 spectari
251 917 306 982 sed
323 917 406 1004 ipsas
422 915 603 982 functiones.
653 916 780 993 Contra,
797 914 824 979 si
841 915 916 1000 quid
933 914 972 980 de
989 936 1066 1002 paee
1082 914 1198 981 dictum

100 1015 170 1098 erit,
196 1015 229 1081 id
252 1015 444 1082 induciarum
468 1023 610 1101 tempore
635 1014 735 1080 locum
761 1036 823 1078 non
847 1013 995 1092 habebit;
1021 1035 1198 1100 quanquam

100 1113 252 1202 Virgilius
282 1136 389 1201 paoem
416 1123 608 1201 sequestram
639 1112 727 1189 dixit,
764 1111 893 1178 Servius
922 1113 963 1178 ad
994 1135 1066 1178 eum
1097 1113 1197 1178 locum
1211 1138 1259 1177 an.
1268 1137 1348 1176 rias

100 1234 209 1299 pacem
224 1214 435 1301 temporalem,
454 1221 490 1279 ut
506 1221 540 1279 et
552 1212 746 1299 Thucydidis
758 1211 978 1278 scholiastes'
951 1208 1079 1304 ειρήνην
1096 1209 1252 1325 ιιρόσ·Ρ9
1211 1232 1298 1272 rann
1305 1233 1317 1271 ι
1307 1234 1356 1317 aso

101 1342 221 1405 καιρον,
248 1313 396 1394 πόλεμον
418 1305 602 1388 ὠδίνουσαν,
626 1313 730 1378 Varro
751 1333 858 1399 pacem
878 1321 1059 1388 castrorum,
1086 1334 1199 1398 pauco·
1184 1288 1241 1364 -θὶ
1240 1281 1326 1364 deiri

99 1433 169 1477 rum
195 1412 335 1478 dierum.
360 1435 429 1500 quas
452 1434 558 1478 omnes
578 1419 652 1477 sunt
673 1433 736 1476 non
761 1409 955 1477 definitiones
981 1411 1037 1477 sed
1064 1411 1199 1477 delinea-

99 1511 199 1577 tiones
216 1513 367 1599 quadam,
385 1535 492 1598 eaeque
508 1512 661 1600 figuratas.
709 1510 817 1590 Qualis
833 1519 866 1576 et
882 1510 936 1576 illa
951 1509 1112 1586 Varronis,
1129 1532 1200 1576 cum

99 1609 237 1677 inducias
251 1612 331 1678 dixit
349 1612 498 1677 bellorum
510 1611 614 1688 ferias,
632 1618 779 1697 potuerat
795 1617 829 1676 et
845 1610 916 1675 belli
928 1632 1068 1676 somnum
1086 1610 1201 1676 dicere.

102 1708 152 1774 Sic
178 1719 211 1775 et
229 1711 312 1795 ipsas
335 1711 473 1775 forenses
493 1708 587 1773 ferias
604 1730 712 1795 pacem
737 1709 858 1774 vocarit
875 1709 1042 1795 Papinius;
1067 1716 1100 1775 et
1119 1732 1201 1775 som-

100 1808 191 1871 num¹
209 1807 393 1873 Aristoteles
415 1805 570 1872 vinculum
589 1827 743 1882 sensuum,
761 1827 822 1891 quo
848 1807 989 1893 exemplo
1012 1817 1045 1873 et
1062 1805 1201 1874 inducias

100 1906 173 1971 helli
190 1905 343 1972 vinculum
361 1915 446 1973 recte
462 1904 588 1970 dixeris

175 2009 197 2071 3
232 2007 272 2071 In
298 2007 342 2071 M.
361 2004 513 2072 Varronis
536 2013 641 2070 autem
665 2002 864 2090 expositione,
886 2024 980 2091 quam
1001 2011 1034 2069 et
1055 2006 1199 2071 Donatus
1210 2014 1292 2098 “ii
1284 2015 1364 2098 ³¹2³·

99 2104 248 2194 sequitur,
263 2106 322 2172 hoc
338 2115 423 2172 reete
440 2103 642 2192 reprehendit
660 2103 787 2180 Gellius,
803 2104 885 2188 quod
903 2125 1017 2190 pancos
1033 2103 1099 2169 dies
1113 2104 1264 2191 rodja-*¹⁶
1212 2150 1256 2190 L„
1266 2151 1279 2190 ,
1289 2152 1319 2190 2,

100 2205 151 2282 cit,
169 2206 335 2271 ostendens
352 2206 451 2271 solere
468 2204 549 2269 etin
566 2204 661 2267 horas
680 2202 759 2282 dari,
778 2203 891 2268 addam
908 2224 985 2290 ergo
1002 2211 1035 2268 et
1052 2202 1084 2268 in
1101 2225 1199 2269 annos

100 2302 193 2368 etiam
219 2303 340 2391 viginti,
368 2303 508 2392 triginta,
529 2301 747 2389 quadraginta,
775 2301 869 2366 etiam
895 2309 1038 2367 cantum·
1066 2324 1199 2389 quarum

99 2402 183 2487 apud
200 2401 323 2467 Livium
345 2401 496 2487 exempla,
518 2421 588 2486 quae
612 2410 645 2466 et
663 2399 747 2464 illam
772 2400 863 2465 Pauli
882 2399 1102 2467 iurisconsulti
1124 2400 1299 2474 defi-poen
1185 2426 1334 2510 313„qu

100 2501 246 2567 ultionem
264 2500 480 2589 redarguunt:
505 2501 647 2564 inducia
666 2511 742 2564 suot
759 2521 831 2565 eum
853 2503 889 2564 ιἰι
907 2501 1097 2566 travectio
1112 2524 1200 2588 prce·
1187 2517 1315 2566 -carw

99 2623 170 2667 seru
188 2614 311 2687 tempus
327 2602 481 2676 convenit,
499 2621 538 2664 ue
554 2600 692 2664 invicem
708 2621 740 2663 sc
759 2600 927 2664 lacessant.

100 2757 191 2802 Seneca
200 2755 323 2815 dictojam
333 2756 401 2802 loco:
411 2756 501 2815 artifex
512 2761 545 2802 est
554 2755 627 2802 etiam
720 2753 728 2783 ¹
745 2754 808 2802 Vide
818 2755 958 2816 Philosophi
968 2757 1068 2804 Librum
1081 2758 1121 2806 Dc
1132 2758 1200 2806 Sem-

100 2831 139 2874 cm'
159 2829 193 2875 ad
208 2830 360 2876 czercendm
379 2835 453 2876 artem
473 2831 627 2876 instruerentur
675 2843 706 2875 ιιο
716 2834 737 2876 ct
751 2829 848 2889 Vigilia,
858 2844 911 2890 cap.
920 2834 942 2878 3.
953 2832 978 2877 in
987 2833 1044 2880 fine.
1072 2833 1101 2880 J.
1111 2833 1144 2879 B.

100 2909 284 2963 nonsnppctunt.

99 3101 126 3155 if
136 3101 272 3173 anything
291 3101 314 3156 is
334 3102 393 3156 said
414 3103 447 3157 of
458 3119 553 3174 poaoc,
568 3102 630 3158 that
644 3103 700 3157 will
715 3110 766 3159 not
779 3104 847 3160 hold
859 3106 905 3160 for
916 3105 965 3161 the
977 3107 1046 3162 time
1058 3107 1091 3162 ot
1103 3114 1200 3165 truce:

98 3186 236 3258 although
250 3187 341 3258 Virgil
357 3189 424 3243 calla
437 3206 455 3243 a
466 3197 546 3244 truce
563 3207 583 3244 a
596 3191 741 3261 sequestr-al
753 3209 842 3262 peace,
853 3190 944 3246 which
958 3193 1078 3257 Servius,
1099 3210 1137 3249 on
1151 3195 1202 3251 the

99 3290 223 3344 passage,
243 3273 368 3345 explains
392 3291 423 3328 aa
444 3291 463 3328 a
481 3281 643 3347 temporary
663 3292 758 3347 peace.
796 3276 834 3330 As
855 3277 915 3332 also
935 3277 984 3332 the
1006 3279 1146 3334 Scholiast
1163 3296 1202 3334 on

100 3359 286 3431 Thucydides,
300 3378 338 3414 aa
356 3361 506 3415 occasional
513 3379 602 3431 peace,
622 3378 655 3416 or
672 3379 691 3414 a
701 3379 763 3416 war
774 3364 804 3416 ιἰι
816 3364 919 3416 laborer.
956 3364 1048 3418 Varro
1063 3364 1131 3417 calls
1145 3365 1169 3417 it
1182 3382 1202 3418 a

99 3462 277 3515 camp-peace,
297 3462 316 3499 a
325 3463 406 3515 peace
420 3449 484 3515 oso
495 3449 556 3514 few
570 3448 655 3517 dayes
679 3445 732 3501 but
746 3447 784 3500 all
797 3446 878 3500 these
896 3462 944 3500 are
963 3454 1014 3501 not
1032 3446 1202 3513 definitione,

99 3528 151 3583 but
165 3529 358 3599 descriptione,
374 3531 430 3583 and
449 3530 652 3601 metaphorical
675 3529 866 3602 descriptione.
912 3532 951 3584 So
973 3537 1021 3585 too
1043 3533 1066 3587 is
1086 3532 1149 3586 that
1170 3535 1205 3589 of

99 3613 200 3676 Varro,
210 3612 291 3666 when
302 3612 339 3667 he
351 3614 419 3668 calls
431 3631 448 3667 a
460 3619 539 3668 truce
552 3616 592 3668 the
606 3615 715 3684 toliday
727 3631 761 3669 or
771 3616 896 3669 vacatiori
906 3616 1016 3684 oswor.
1053 3617 1098 3672 He
1110 3619 1202 3689 might

98 3696 171 3751 have
196 3696 287 3751 called
309 3698 333 3751 it
352 3715 371 3750 a
393 3698 510 3752 slumher
527 3700 563 3770 os
579 3716 648 3753 war.
686 3699 725 3753 So
745 3699 794 3754 the
811 3698 925 3770 holiday
942 3701 1086 3771 produced
1099 3703 1137 3775 by
1151 3705 1202 3762 the

98 3782 249 3837 forensical
263 3783 434 3838 ceremonias
453 3784 476 3837 is
497 3783 588 3837 called
606 3800 625 3837 a
638 3799 725 3854 pesce
742 3785 781 3855 by
795 3785 938 3855 Papinius.
984 3786 1118 3844 Aristotle
1132 3790 1201 3844 calls

97 3869 176 3940 sleep
189 3869 229 3922 tte
246 3869 326 3922 chain
342 3871 378 3938 of
387 3869 427 3923 tle
446 3885 547 3928 sena,-
562 3869 618 3923 and
630 3869 767 3941 adopting
779 3870 841 3924 that
854 3870 953 3942 image,
966 3888 1024 3944 you
1037 3874 1129 3945 might
1145 3876 1201 3930 call

97 3972 117 4009 a
130 3962 210 4009 truce
223 3956 264 4009 the
274 3954 355 4009 chain
367 3955 401 4027 os
407 3972 475 4008 war.

149 4047 166 4094 3
186 4041 220 4094 In
229 4039 279 4095 tho
291 4040 447 4111 exposition
459 4040 493 4095 of
499 4039 611 4095 Varro's
623 4040 714 4095 words
725 4040 815 4096 which
824 4041 952 4097 Donatus
963 4041 1080 4110 follows,
1092 4047 1200 4102 Gellius

97 4125 203 4197 rightly
221 4126 393 4198 reprehende
411 4125 454 4180 his
468 4125 571 4198 haring
591 4127 692 4191 added,
709 4127 751 4182 “a
765 4143 851 4198 peace
866 4130 901 4202 of
915 4132 1006 4198 asera
1025 4131 1093 4202 days
1100 4131 1128 4192 ‚·’'
1142 4133 1201 4187 and

98 4207 135 4262 he
150 4208 237 4264 shows
251 4211 314 4266 that
326 4218 418 4267 truces
430 4228 503 4267 were
514 4213 634 4283 granted
645 4212 690 4268 for
703 4211 798 4267 honrs.
831 4213 896 4267 And
908 4215 923 4269 I
935 4215 989 4269 add
1001 4216 1121 4279 further,
1136 4217 1200 4272 that

99 4299 191 4347 truces
202 4293 273 4350 hare
283 4296 356 4351 been
367 4297 451 4353 made
468 4298 513 4352 lor
530 4316 620 4371 years,
632 4316 663 4354 as
682 4304 795 4370 twenty,
808 4298 904 4371 thirty,
918 4301 1003 4371 forty,
1015 4318 1085 4358 even
1097 4319 1115 4356 a
1126 4301 1200 4357 hun·

98 4377 187 4442 ιιοιι
205 4379 239 4435 of
249 4380 338 4434 which
357 4398 399 4437 we
419 4382 491 4440 haro
508 4385 649 4457 examples
665 4385 695 4439 in
709 4384 788 4456 Livy,
803 4384 894 4440 which
912 4386 988 4442 shew
1005 4387 1055 4445 the
1071 4405 1151 4444 error
1167 4389 1203 4449 ot

872 4635 937 4659 s
