2916 4906
101 259 169 314 (lar.
183 253 266 324 XX.]
348 253 417 310 UBI
438 254 490 309 DE
512 252 623 308 PAOIS
645 251 849 318 PAOTIONE,
869 253 952 309 Ero,
1139 245 1200 307 351

100 433 137 489 ιιι
153 403 248 488 ιδ’ἱιι
262 443 432 509 provocare
449 427 482 487 et
498 419 538 485 de
554 416 668 505 injuria
684 417 773 504 queri
788 418 898 494 liceat;
925 416 978 482 gid
994 425 1100 482 tamen
1118 415 1203 482 inter

102 545 194 612 reges
214 543 251 587 ac
271 521 401 608 populos
422 519 522 586 locum
545 518 662 583 habero
685 540 748 583 non
768 525 881 604 potest.
929 517 1025 582 Nulla
1047 517 1128 582 enim
1149 516 1201 582 hio

102 631 149 688 est
177 631 314 708 potestas
341 620 494 707 superior,
521 639 592 704 quae
618 616 761 704 promissi
784 617 938 682 vinculum
962 626 1019 682 aut
1040 616 1200 703 impediat,

101 732 157 787 aut
182 720 292 786 solvat.
344 719 497 785 Standum
524 739 600 806 ergo
630 716 762 792 omnino,
793 716 859 781 sire
886 738 1019 803 tequam,
1051 715 1119 781 sive
1142 715 1200 780 ini-

101 842 196 931 quum
221 817 502 905 pronuntiaverint,
528 816 574 882 ita
601 825 637 882 ut
664 816 756 881 Plinii
783 815 859 880 illud
886 816 947 881 hnc
974 824 1061 880 recte
1085 825 1196 903 aptes:
1214 838 1262 875 rr
1213 836 1338 932 ffli‘ffl‘

100 924 260 986 simmam
289 921 424 1004 quiaque
457 939 565 982 οιιιιιι
594 939 661 981 auce
682 917 829 999 judicem
848 918 950 1000 facit,
985 938 1200 1002 quemcunque

101 1021 203 1104 elipit.
255 1017 354 1084 Aliud
380 1016 461 1082 enim
489 1025 537 1081 est
562 1013 602 1080 de
625 1014 737 1081 arbitri
758 1013 865 1092 officio,
892 1015 978 1080 aliud
1002 1015 1042 1080 de
1059 1036 1199 1102 compro·

102 1117 290 1183 mittentium
308 1116 496 1204 obligatione
513 1136 663 1201 quaerere.

180 1218 315 1284 XLVII.
367 1218 385 1282 1
421 1215 461 1279 In
480 1214 591 1280 arbitri
613 1213 710 1280 officio
724 1212 936 1301 spectandum,
958 1236 1000 1280 an
1020 1214 1136 1280 electus
1158 1213 1201 1280 sit

103 1314 136 1380 in
153 1316 250 1381 vicem
263 1314 386 1401 judicis,
403 1336 445 1379 an
463 1336 531 1379 cum
549 1313 668 1379 laxiore
686 1314 819 1399 quadem
837 1322 1001 1400 potestate,
1021 1336 1113 1400 quam
1131 1316 1201 1379 ‘ar-

103 1415 177 1481 bitri
200 1415 288 1501 quasi
311 1413 471 1502 propriam
492 1414 561 1480 uult
584 1413 711 1495 Seneca,
734 1435 804 1479 cum
821 1412 916 1479 dicit.
941 1416 1055 1480 melior
1071 1416 1258 1487 videteru,
1268 1446 1333 1486 ιιι,

103 1518 246 1581 conditio
268 1538 376 1582 ceueoe
398 1517 494 1591 bora,
516 1537 546 1579 ιι
540 1515 610 1578 ool
624 1514 779 1597 judicem,
805 1535 905 1598 quom
927 1518 957 1579 ei
974 1516 1021 1579 od
1037 1495 1303 1579 arcio-ommi
1285 1495 1333 1539 ⁰¹⁷·

103 1618 269 1680 mittitur:
292 1616 373 1701 quia
397 1616 489 1678 illum
502 1614 656 1698 swertula
675 1614 827 1688 includit,
850 1625 881 1678 et
904 1625 1014 1688 certos,
1033 1636 1115 1699 quoe
1136 1635 1201 1677 ιιοιι

104 1716 246 1789 excedat,
274 1714 425 1778 terminer
443 1715 564 1797 ponite
598 1713 696 1796 hujus
724 1713 827 1777 libero
854 1724 884 1778 et
911 1714 1201 1778 hatthanarico

105 1813 246 1877 vinculis
268 1812 384 1895 relipio
409 1822 440 1876 et
465 1811 634 1875 detrahere
659 1812 791 1895 aliquid
808 1823 914 1897 potest
939 1825 969 1876 et
992 1814 1144 1897 adjicere,
1170 1823 1202 1876 et

104 1913 300 1976 ιιιιιιιιιιαιιι
326 1932 431 1986 auam,
459 1931 524 1974 ιιοιι
544 1920 647 1993 prout
676 1911 726 1974 lec
751 1917 812 1973 cut
831 1910 969 1992 justitia
995 1913 1120 1985 euadat,
1146 1912 1203 1976 aeti

100 2021 201 2096 prout
225 2011 418 2075 humaniter
443 2021 474 2074 et
500 2009 731 2073 misericordia
756 2009 898 2093 impulit,
923 2030 1036 2094 repere.
1084 2008 1203 2074 Aristo·
1217 2028 1275 2067 nae.
1284 2026 1338 2066 ιιι

105 2109 183 2174 teles
201 2130 323 2195 quoque
339 2109 509 2183 ἐπιεικοῦς,
532 2107 564 2172 id
581 2115 638 2184 est,
662 2106 743 2274 rapui
760 2117 793 2173 et
809 2108 961 2172 commodi
978 2106 1110 2172 hominis
1134 2129 1201 2173 esse
1216 2075 1284 2122 ‘m

106 2208 161 2286 ait,
188 2210 230 2281 εἰς
251 2201 380 2277 δίαιταν
402 2201 575 2287 μᾶλλον
558 2237 576 2288 η
603 2207 645 2280 εἷς
668 2199 757 2288 δίκην
779 2199 1020 2292 βούλεσθαι”
990 2235 1081 2282 ιεναι,
1102 2209 1203 2272 maile

104 2381 167 2426 libro
179 2394 207 2427 ιι.
218 2396 239 2427 ο,
247 2381 312 2427 xxiii.
326 2381 375 2441 58.
679 2381 778 2437 liceret3
794 2395 868 2440 quum
879 2380 898 2427 J
900 2380 981 2427 udices
995 2380 1078 2427 stricte
1090 2381 1123 2426 sic
1140 2381 1206 2438 dicti,

149 2454 160 2482 ⁸
183 2456 211 2501 In
233 2456 285 2502 loco
305 2457 413 2502 sunnon
433 2468 482 2500 non
502 2454 583 2514 agitur
602 2454 632 2500 de
682 2454 1206 2515 qutinaucinhnrtetjurieaddicebnntm

106 2529 212 2576 Arbitrio
221 2545 251 2576 ιι
263 2530 442 2590 compromisso:
459 2529 502 2574 sed
512 2529 547 2574 illi
558 2528 631 2573 Arbi-
681 2528 745 2575 intra
761 2530 833 2575 verba
847 2535 873 2576 et
884 2531 965 2589 legum
985 2530 1142 2575 subtilitatem
1154 2544 1206 2576 ma·

106 2607 197 2652 triweri
213 2606 385 2662 suntJudicee,
396 2605 508 2650 nimirum
519 2602 631 2660 Pedanei,
681 2617 739 2650 nere
749 2604 871 2650 deberent.
904 2605 966 2651 vide
977 2605 1068 2651 caan.
1081 2603 1149 2650 Orat.
1158 2619 1206 2663 pro

106 2695 148 2727 eeu
164 2683 295 2728 aPraetore
311 2681 375 2736 dati3
389 2680 482 2726 Arbitri
499 2684 579 2724 antem
595 2677 630 2722 di·
680 2677 751 2724 Rosc.
767 2677 866 2724 Comoed.
877 2681 924 2725 ci.
947 2679 1206 2725 manuductione.

106 2762 202 2814 cuntur,
218 2757 283 2815 quod
301 2756 388 2801 dentur
403 2754 428 2799 in
443 2753 551 2800 ludiciie
566 2752 632 2798 honre
682 2751 757 2812 §let
766 2755 804 2799 30.
822 2752 931 2812 inprimis
943 2754 1103 2800 Eruditiseimi
1114 2755 1206 2801 Noou-

98 2830 170 2889 ficei,
191 2832 231 2876 ubi
248 2831 325 2876 laxior
342 2836 394 2876 erat
414 2842 497 2876 eorum
517 2832 632 2888 potestas,
680 2840 718 2872 un
737 2827 848 2874 eximium
865 2828 934 2887 Opus
951 2829 980 2875 de
996 2828 1090 2876 Jurisd.
1108 2835 1130 2875 et
1144 2830 1206 2891 Imp.

106 2905 167 2950 adeo
177 2910 205 2950 ut
215 2919 245 2950 en
259 2919 329 2965 aequo
342 2910 366 2951 et
379 2905 443 2950 bono
458 2905 585 2950 decernere
598 2902 632 2948 eie
680 2901 734 2951 Lib.
745 2917 764 2948 1.
774 2916 827 2962 cap.
839 2904 874 2950 13.
904 2901 933 2950 J.
943 2903 977 2951 Β.

106 3133 188 3188 when
203 3151 244 3190 we
259 3134 346 3205 spoke
362 3134 394 3189 oi
405 3134 455 3189 the
465 3151 561 3190 means
574 3136 607 3191 oi
618 3136 761 3207 ebriating
772 3153 836 3190 war.
1199 3160 1201 3164 ⁸

165 3227 182 3273 2
206 3221 263 3275 For
277 3220 421 3291 although,
436 3221 503 3275 with
517 3223 617 3293 regard
638 3228 669 3279 to
687 3222 807 3277 arbitcrs
824 3221 886 3276 who
907 3238 956 3277 aro
973 3221 1101 3278 referred
1117 3227 1148 3278 ιο
1165 3223 1205 3296 by

106 3306 299 3378 compromise,
312 3307 360 3361 tho
373 3307 444 3361 civil
456 3308 522 3361 Law
533 3325 598 3380 may
609 3308 708 3374 direct,
719 3309 775 3363 and
788 3308 855 3364 does
867 3309 896 3363 in
910 3324 988 3362 some
999 3309 1094 3379 places
1106 3309 1205 3373 direct,

106 3392 169 3447 that
181 3394 204 3447 it
215 3392 286 3447 shall
298 3391 334 3447 be
346 3393 441 3447 lawful
453 3399 483 3447 ιο
498 3395 600 3465 appeal
614 3394 689 3449 irom
703 3394 791 3460 them,
811 3394 868 3448 and
881 3401 911 3449 to
926 3395 1066 3466 complain
1085 3394 1119 3449 of
1131 3394 1206 3449 their

107 3494 219 3547 wrong;
236 3478 292 3532 this
311 3485 415 3533 cannot
430 3479 501 3534 bare
515 3480 596 3550 place
615 3480 742 3536 between
760 3481 842 3552 kings
858 3481 915 3534 and
931 3480 1055 3552 peoples.
1100 3480 1158 3535 For
1175 3481 1205 3533 in

108 3561 183 3615 their
194 3579 266 3627 case,
283 3562 364 3618 there
384 3565 457 3619 isno
471 3568 598 3635 superior
615 3582 717 3637 power,
733 3566 825 3621 which
836 3583 890 3622 can
901 3565 993 3621 either
1004 3566 1056 3620 bar
1073 3582 1106 3619 or
1117 3564 1206 3620 brouls

108 3644 158 3699 the
172 3647 211 3700 tie
227 3647 259 3699 oi
272 3646 321 3700 the
339 3650 475 3718 promise:
516 3649 581 3703 And
595 3650 738 3707 therefore
750 3651 818 3724 they
830 3658 905 3707 must
916 3652 1000 3706 stand
1015 3651 1053 3723 by
1067 3651 1117 3706 the
1128 3651 1204 3706 dcci-

108 3732 179 3795 sion,
199 3730 324 3786 whether
337 3733 360 3786 it
380 3732 416 3787 be
432 3736 492 3804 just
511 3750 543 3788 or
557 3737 651 3806 unjust
659 3756 668 3801 ι
690 3753 721 3792 ιο
739 3736 809 3802 that,
823 3755 853 3793 ιιι
865 3737 950 3809 Pliny
967 3753 1038 3809 says,
1053 3738 1139 3793 When
1150 3756 1207 3809 you
1303 3750 1305 3755 '

107 3818 196 3871 choeac
214 3835 233 3870 a
249 3834 348 3888 perrea
365 3836 438 3889 pour
453 3821 566 3890 ampire,
580 3839 637 3892 you
647 3823 725 3878 mehe
734 3825 790 3878 him
798 3843 871 3896 your
881 3841 1002 3894 mpreme
1012 3825 1105 3896 jcdqc.
1149 3826 1207 3879 For

108 3902 157 3957 the
172 3903 326 3958 discussion
343 3904 376 3958 oi
384 3904 434 3958 the
446 3905 525 3959 office
540 3906 574 3960 oi
584 3922 620 3961 an
635 3907 742 3963 arbiter
755 3909 845 3965 isone
857 3910 946 3982 thing,
966 3910 1023 3966 and
1035 3911 1097 3966 that
1109 3910 1143 3966 of
1156 3911 1206 3967 the

108 3989 178 4060 duty
195 3988 229 4043 oi
244 4005 359 4059 persons
378 3989 440 4045 who
457 3990 539 4045 make
558 4008 576 4046 a
593 3995 778 4064 compromiss
798 3997 821 4050 is
842 3997 971 4052 another.

165 4076 285 4130 XLVII.
315 4082 328 4130 1
353 4076 386 4131 ln
396 4077 573 4150 considering
581 4078 718 4134 theoffice
727 4079 761 4134 oi
769 4097 804 4134 au
817 4082 930 4147 arbiter,
939 4100 981 4138 we
992 4090 1069 4137 must
1077 4083 1207 4137 consider

107 4159 234 4215 whether
247 4161 284 4216 he
298 4161 335 4216 bc
350 4163 460 4218 elected
475 4163 535 4219 into
557 4164 606 4220 the
621 4165 701 4237 placo
716 4165 750 4220 of
760 4184 778 4221 a
788 4167 884 4239 judge,
899 4185 933 4223 or
952 4168 1019 4223 with
1036 4185 1114 4223 some
1129 4168 1207 4222 laxer

108 4261 210 4314 power,
225 4247 314 4302 which
330 4249 439 4305 Seneca
457 4251 556 4321 speaks
578 4251 612 4307 of
623 4268 653 4307 as
676 4252 725 4307 the
739 4270 843 4325 proper
863 4271 957 4324 power
978 4254 1012 4307 oi
1025 4271 1062 4307 an
1081 4253 1204 4307 arbiter:

111 4330 164 4384 Tite
171 4332 255 4402 jodpe
268 4334 292 4386 ie
306 4335 408 4391 limiteci
422 4339 455 4407 by
469 4337 540 4392 ratleo
554 4340 591 4409 os
602 4339 675 4392 lawr
696 4340 736 4393 the
750 4340 857 4410 ampirc
871 4341 894 4393 ie
908 4339 958 4409 lesi
972 4339 1042 4409 quite
1056 4341 1128 4411 free,
1149 4339 1208 4391 aad

108 4433 161 4470 cors
175 4419 261 4488 sqstcn
279 4419 333 4476 low
346 4423 405 4477 aad
418 4424 515 4495 justice
529 4425 564 4495 by
577 4424 701 4480 hindam
721 4427 780 4479 cad
796 4441 895 4496 merop.
932 4424 971 4479 So
986 4423 1120 4478 Aristotle
1134 4439 1207 4496 says,
