2916 4906
259 233 322 299 236
385 239 738 296 TEMPERAMENTUM
761 238 875 294 claua
896 238 1173 294 VASTATIONEM
1217 234 1290 306 [Lus.
1304 239 1360 294 111.

98 439 213 477 earm,
253 402 393 468 'labunda
416 423 518 480 manu,
536 401 603 488 ipse
623 400 768 466 hortatus
783 408 831 465 est
848 399 970 477 milites,
997 408 1033 465 ut
1051 400 1240 466 Plutarchus
1262 400 1361 487 loqui-

94 485 157 532 ¹''³¹¹
168 494 189 522 ‘³'
258 511 321 578 tur,
337 501 398 567 iter
414 501 518 566 facere
534 508 682 585 tanquam
698 521 756 586 per
773 519 947 563 concessam
964 506 997 563 et
1013 498 1151 586 ipsorum
1162 498 1230 585 jam
1246 499 1362 583 factam

258 599 426 686 regionem.
478 599 603 663 Croesus
634 598 720 685 Cyro
744 597 886 673 suadens,
921 618 961 661 ne
988 597 1123 684 Lydiam
1151 597 1362 685 populandam

96 722 172 763 aneu
182 722 233 774 aaa
258 698 349 763 militi
365 698 466 772 daret,
482 719 546 761 reon
562 718 675 771 meam,
694 696 802 783 inquit,
820 697 940 771 urbem,
957 718 1021 761 non
1033 719 1085 763 res
1100 719 1188 762 meas
1205 697 1362 782 diripieer

259 797 347 862 nibil
370 797 455 862 enim
478 797 523 860 ad
544 817 594 861 nte
610 795 685 878 jam
709 797 778 861 ista
794 795 985 880 pertinent:
1020 808 1079 861 tua
1100 807 1197 860 sant:
1224 806 1283 861 tua
1308 797 1364 863 illi

254 897 403 981 perdent.

334 995 355 1057 2
385 990 486 1057 Aliter
511 991 564 1076 qni
583 991 709 1066 faciunt,
733 990 766 1055 in
790 1012 843 1057 eos
867 1014 930 1057 non
950 991 1030 1058 male
1050 991 1206 1077 quadrant
1230 991 1284 1058 illa
1305 992 1364 1058 Jo-

260 1099 355 1156 castse
372 1091 413 1156 ad
430 1088 610 1178 Polynicen
626 1090 723 1156 rerba
737 1089 948 1157 Thebaidibus
966 1092 1102 1167 Senecae,
1121 1092 1215 1174 (vers.
1234 1093 1312 1169 558,
1331 1099 1364 1157 et

260 1210 277 1254 s
318 1241 326 1257 .
351 1213 359 1255 ε

278 1192 340 1275 eq>
478 1290 606 1345 Potendo
620 1290 741 1361 patriam
755 1291 864 1361 perdis:
887 1297 920 1346 ut
933 1291 984 1346 flat
998 1298 1055 1355 tua,

478 1376 529 1430 Vis
544 1390 605 1430 esse
619 1375 742 1428 nullam:
767 1377 835 1446 quin
850 1384 906 1431 tua
920 1394 1010 1431 causeo
1025 1381 1109 1431 nocet

478 1460 577 1530 Ipsum
589 1458 652 1524 hoc,
666 1460 741 1530 quod
754 1461 839 1515 armis
854 1463 912 1516 uris
926 1462 1034 1517 infestis
1049 1462 1149 1526 solum,

480 1545 651 1616 Segetcsquc
665 1545 775 1599 adultas
790 1547 899 1611 sternia,
913 1552 943 1602 et
957 1553 1031 1602 totos
1044 1546 1142 1618 fugam

479 1630 548 1684 Edis
563 1646 717 1701 peragras.
752 1631 845 1685 Nemo
860 1633 899 1687 sic
913 1639 1005 1687 vastat
1018 1649 1077 1687 sua.

480 1714 550 1778 Quae
564 1716 665 1786 concipi
679 1715 753 1786 igne,
766 1732 828 1788 qua
842 1718 910 1772 meti
925 1717 1019 1788 gladio
1029 1718 1122 1788 jubas,

482 1800 581 1854 Aliena
595 1801 695 1856 credis.

103 1937 182 1978 nun.
192 1939 220 1978 u
265 1918 329 1980 Par
345 1935 452 1979 sensus
467 1914 551 2001 apud
569 1913 711 1979 Curtium
728 1913 788 1980 illis
804 1915 926 1981 verbis:
946 1918 1106 2002 quicquid
1121 1938 1186 1982 nora
1202 1919 1366 2002 corrupis-

264 2026 343 2088 sent,
361 2015 504 2078 hostiurn
520 2035 584 2078 esee
601 2015 744 2098 confessi.
792 2013 886 2078 Unde
902 2035 964 2078 non
981 2015 1074 2102 longe
1090 2015 1208 2080 abeunt
1226 2036 1273 2092 ea,
1294 2037 1366 2099 quoe

104 2130 234 2217 poppam·
267 2112 376 2178 Cicero
392 2111 425 2175 in
440 2110 537 2177 literis
553 2109 595 2175 ad
612 2109 751 2175 Atticum
772 2110 919 2197 disputat,
936 2111 1086 2177 adversus
1106 2112 1245 2199 Pompeii
1268 2112 1368 2176 consi-

123 2187 149 2217 ι’
182 2205 187 2216 '
265 2211 341 2276 lium
366 2210 448 2274 fame
475 2208 610 2295 patriam
634 2208 774 2274 necandi.
825 2211 929 2294 Atque
952 2210 1011 2274 hoo
1035 2210 1158 2274 nomine
1183 2210 1368 2275 Alexander

105 2327 181 2376 aaa
267 2309 347 2374 Isius
372 2308 477 2394 culpat
497 2306 675 2393 Philippum
700 2305 779 2371 libro
801 2307 925 2394 Polybii
943 2328 1025 2385 xvn,
1051 2306 1137 2394 cujus
1154 2308 1253 2374 verba
1270 2308 1368 2372 latino
1409 2354 1414 2362 .

107 2409 349 2472 nro.mruashunc
366 2406 396 2470 in
414 2405 538 2472 modum
559 2404 655 2470 vertit
672 2404 798 2470 Livius:
821 2408 858 2470 in
875 2407 953 2471 ceto
970 2429 1033 2472 non
1055 2408 1207 2492 conyredi
1224 2406 1369 2491 (Philip-

261 2507 357 2592 pum)
375 2528 464 2590 oequc
479 2526 603 2588 campo,
627 2525 729 2588 nepae
744 2505 873 2570 collatis
895 2507 1000 2588 signis
1015 2506 1183 2580 dimicare,
1200 2507 1258 2570 sed
1280 2507 1369 2588 refu-

264 2608 401 2690 gientem
419 2606 585 2668 incendere
610 2624 651 2666 ac
668 2604 811 2686 diripere
836 2605 938 2680 urbes,
963 2615 993 2667 et
1012 2604 1207 2668 vincentium
1222 2606 1369 2688 proemia

266 2705 390 2768 uictum
405 2723 615 2786 corrumpere.
658 2701 705 2765 Ae
719 2723 781 2764 non
798 2703 847 2767 sic
864 2703 1016 2787 antiquos
1033 2703 1251 2766 Macedonum
1268 2724 1369 2785 reyes,

266 2875 342 2907 suam.
373 2859 504 2918 Procopius
520 2858 589 2903 initlo
611 2856 794 2903 Vandalicarum
841 2870 908 2915 quern
924 2870 1090 2916 expugnamus,
1103 2857 1207 2916 populus
1221 2861 1299 2902 noster
1314 2855 1371 2903 est?

266 2934 373 2980 secundi.
405 2933 477 2991 (Cap.
489 2931 524 2990 1.)
553 2930 627 2989 Apud
639 2930 792 2975 Helmoldnm
841 2944 917 2989 quare
933 2944 988 2989 erqo
1003 2931 1132 2976 invenimur
1148 2932 1224 2976 hostes
1239 2931 1369 2984 nostrimet,

266 3009 322 3068 lego
333 3009 386 3054 Lib.
398 3021 417 3053 1.
427 3021 479 3065 cap.
487 3006 525 3053 66.
546 3004 630 3050 Nonne
640 3009 712 3060 terra,
722 3018 794 3063 quarn
842 3009 864 3049 et
878 3004 1033 3063 dissipatores
1048 3006 1196 3064 vectigalium
1215 3004 1370 3052 nostrorum!

267 3083 423 3137 devastamus,
433 3085 498 3127 terra
507 3082 589 3124 nostra
599 3080 639 3132 est,
653 3081 675 3122 et
680 3078 793 3135 populus,
842 3090 895 3122 cum
906 3078 943 3122 his
954 3079 1107 3135 conveniunt,
1119 3093 1171 3138 qum
1180 3079 1286 3125 Bombos
1295 3079 1370 3125 habet

269 3323 344 3388 Asia,
364 3321 463 3392 telling
483 3319 561 3375 thom
584 3327 634 3374 not
655 3325 685 3374 to
708 3321 821 3392 destroy
842 3319 917 3374 what
934 3337 989 3374 nas
1008 3327 1038 3374 to
1060 3321 1097 3375 bo
1119 3319 1192 3374 their
1210 3335 1281 3374 own.
1328 3320 1369 3375 So

269 3410 400 3474 Quintius
415 3407 551 3462 exhorted
562 3407 604 3460 his
615 3406 731 3460 soldiers
744 3415 774 3460 to
786 3406 883 3460 march
895 3405 1017 3476 through
1028 3406 1170 3476 Thessaly,
1179 3421 1210 3458 as
1218 3421 1236 3458 a
1248 3411 1369 3475 country

269 3495 383 3564 already
398 3493 472 3546 their
485 3509 556 3546 own.
595 3492 633 3545 So
649 3491 758 3546 Croesus
775 3491 836 3545 said
851 3503 880 3545 to
899 3491 997 3561 Cyrus,
1019 3497 1049 3544 to
1069 3490 1198 3544 dissuade
1217 3489 1277 3542 him
1293 3489 1369 3544 from

269 3581 386 3647 wasting
400 3578 498 3648 Lydia,
516 3578 577 3631 Yon
590 3577 648 3631 will
659 3586 704 3630 not
716 3579 819 3647 destroy
832 3595 877 3646 my
889 3577 1053 3646 possessione,
1068 3577 1114 3628 but
1126 3593 1197 3644 your
1209 3592 1278 3627 own.

322 3669 339 3716 2
362 3664 403 3716 To
419 3662 499 3716 those
514 3663 576 3717 who
591 3663 628 3716 do
643 3661 798 3726 otherwise,
810 3678 854 3715 we
869 3678 933 3732 may
947 3661 1032 3730 apply
1046 3659 1118 3712 what
1131 3660 1246 3713 Jocasta
1260 3675 1324 3730 says
1340 3659 1370 3712 iu

271 3749 392 3802 Seneca:
415 3749 473 3800 Yon
485 3749 588 3818 destroy
602 3765 674 3817 your
688 3756 801 3817 country
812 3747 889 3800 while
897 3764 953 3816 you
966 3755 1010 3815 try
1022 3755 1047 3798 to
1059 3746 1114 3798 win
1128 3745 1158 3807 it,
1169 3747 1212 3808 ὅσ.
1244 3744 1283 3797 So
1299 3744 1370 3798 (lur-

269 3834 334 3894 tius,
354 3833 436 3885 Wnar
451 3834 508 3902 ttey
522 3834 622 3901 spoited
636 3835 694 3903 they
713 3833 913 3901 achnowledyed
927 3840 953 3884 to
972 3832 1064 3901 belona
1084 3839 1110 3883 to
1129 3831 1169 3883 tlte
1190 3847 1290 3898 ereemy.
1331 3830 1370 3882 So

268 3919 367 3972 ¹Cicero
385 3933 484 3986 argues
506 3918 615 3986 against
629 3917 778 3987 Pompcy's
800 3917 906 3985 design,
921 3916 954 3969 of
972 3915 1108 3984 reducing
1127 3914 1171 3967 his
1194 3920 1314 3983 country
1332 3913 1371 3984 by

269 4003 382 4056 famine·
426 4000 541 4054 Audon
557 4000 612 4054 this
626 4002 734 4070 ground
751 4001 910 4056 Alexander
925 4000 996 4054 Isius
1011 4000 1119 4054 blames
1133 3999 1237 4069 Philip,
1251 4015 1282 4052 as
1297 3999 1371 4069 Livy

269 4088 417 4142 translates
431 4086 505 4139 from
519 4085 662 4155 Polybius.

323 4172 373 4225 IV.
413 4177 426 4223 l
451 4170 486 4223 In
503 4170 552 4224 the
575 4169 650 4223 third
668 4170 757 4238 placo,
770 4169 826 4222 this
844 4169 925 4223 holds
946 4170 973 4223 if
992 4170 1041 4225 the
1061 4186 1162 4240 enemy
1179 4185 1232 4223 can
1251 4174 1372 4239 support

268 4256 384 4312 himself
394 4256 469 4310 from
483 4255 565 4310 other
576 4259 719 4324 quartem
742 4270 771 4307 as
787 4254 812 4305 if
825 4253 875 4306 tho
889 4270 945 4318 sea,
959 4271 991 4308 or
1003 4255 1172 4308 boundaries
1194 4270 1232 4308 on
1250 4254 1373 4309 another

267 4343 337 4410 side,
357 4342 392 4398 be
414 4357 495 4413 open.
536 4340 574 4395 So
596 4338 781 4394 Archidamus
800 4337 949 4409 exhorting
965 4339 1015 4395 the
1030 4340 1277 4396 Lacedaemoniam
1296 4339 1373 4395 from
