<?xml version="1.0" encoding="UTF-8"?>
<!DOCTYPE html PUBLIC "-//W3C//DTD XHTML 1.0 Transitional//EN"
    "http://www.w3.org/TR/xhtml1/DTD/xhtml1-transitional.dtd">
<html xmlns="http://www.w3.org/1999/xhtml" xml:lang="en" lang="en">
 <head>
  <title>
</title>
<meta http-equiv="Content-Type" content="text/html;charset=utf-8" />
  <meta name='ocr-system' content='tesseract 3.04.00' />
  <meta name='ocr-capabilities' content='ocr_page ocr_carea ocr_par ocr_line ocrx_word'/>
</head>
<body>
  <div class='ocr_page' id='page_1' title='image "./hugonisgrotiide06barbgoog_0238.png"; bbox 0 0 2916 4906; ppageno 0'>
   <div class='ocr_carea' id='block_1_1' title="bbox 101 246 1202 318">
    <p class='ocr_par' dir='ltr' id='par_1_1' title="bbox 101 246 1202 318">
     <span class='ocr_line' id='line_1_1' title="bbox 101 246 1202 318; baseline -0.001 -11"><span class='ocrx_word' id='word_1_1' title='bbox 101 253 170 308; x_wconf 75' lang='lat' dir='ltr'>(lar.</span> <span class='ocrx_word' id='word_1_2' title='bbox 183 249 266 318; x_wconf 82' lang='lat' dir='ltr'>x11.]</span> <span class='ocrx_word' id='word_1_3' title='bbox 537 253 587 306; x_wconf 88' lang='lat' dir='ltr'>ET</span> <span class='ocrx_word' id='word_1_4' title='bbox 610 252 766 307; x_wconf 83' lang='lat' dir='ltr'>SIMlLIA.</span> <span class='ocrx_word' id='word_1_5' title='bbox 1142 246 1202 308; x_wconf 78' lang='grc'>231</span> 
     </span>
    </p>
   </div>
   <div class='ocr_carea' id='block_1_2' title="bbox 102 414 1357 604">
    <p class='ocr_par' dir='ltr' id='par_1_2' title="bbox 102 414 1357 604">
     <span class='ocr_line' id='line_1_2' title="bbox 171 414 1206 505; baseline 0.001 -23"><span class='ocrx_word' id='word_1_6' title='bbox 171 418 195 482; x_wconf 89' lang='grc'><strong>3</strong></span> <span class='ocrx_word' id='word_1_7' title='bbox 227 416 271 481; x_wconf 88' lang='grc' dir='ltr'>Ει</span> <span class='ocrx_word' id='word_1_8' title='bbox 287 414 340 481; x_wconf 86' lang='lat' dir='ltr'>illa</span> <span class='ocrx_word' id='word_1_9' title='bbox 357 415 480 500; x_wconf 89' lang='lat' dir='ltr'>quidem</span> <span class='ocrx_word' id='word_1_10' title='bbox 503 416 660 503; x_wconf 89' lang='lat' dir='ltr'>populatio</span> <span class='ocrx_word' id='word_1_11' title='bbox 677 416 808 483; x_wconf 80' lang='lat' dir='ltr'>ferenda</span> <span class='ocrx_word' id='word_1_12' title='bbox 824 425 881 493; x_wconf 86' lang='lat' dir='ltr'>est,</span> <span class='ocrx_word' id='word_1_13' title='bbox 899 439 969 505; x_wconf 79' lang='lat' dir='ltr'>qua</span> <span class='ocrx_word' id='word_1_14' title='bbox 986 416 1075 483; x_wconf 84' lang='lat' dir='ltr'>brevi</span> <span class='ocrx_word' id='word_1_15' title='bbox 1092 417 1134 484; x_wconf 92' lang='lat' dir='ltr'>ad</span> <span class='ocrx_word' id='word_1_16' title='bbox 1151 439 1206 504; x_wconf 90' lang='lat' dir='ltr'>pa·</span> 
     </span>
     <span class='ocr_line' id='line_1_3' title="bbox 102 513 1357 604; baseline -0.002 -22"><span class='ocrx_word' id='word_1_17' title='bbox 102 538 167 582; x_wconf 91' lang='lat' dir='ltr'>cem</span> <span class='ocrx_word' id='word_1_18' title='bbox 184 513 350 602; x_wconf 90' lang='lat' dir='ltr'>petendam</span> <span class='ocrx_word' id='word_1_19' title='bbox 364 515 484 580; x_wconf 90' lang='lat' dir='ltr'>hostem</span> <span class='ocrx_word' id='word_1_20' title='bbox 498 515 633 604; x_wconf 78' lang='lat' dir='ltr'>subigit:</span> <span class='ocrx_word' id='word_1_21' title='bbox 653 538 714 603; x_wconf 90' lang='lat' dir='ltr'>quo</span> <span class='ocrx_word' id='word_1_22' title='bbox 726 538 843 604; x_wconf 88' lang='lat' dir='ltr'>genere</span> <span class='ocrx_word' id='word_1_23' title='bbox 859 516 931 582; x_wconf 90' lang='lat' dir='ltr'>belli</span> <span class='ocrx_word' id='word_1_24' title='bbox 948 539 1021 581; x_wconf 91' lang='lat' dir='ltr'>usus</span> <span class='ocrx_word' id='word_1_25' title='bbox 1034 517 1203 604; x_wconf 78' lang='lat' dir='ltr'>Halyattes</span> <span class='ocrx_word' id='word_1_26' title='bbox 1216 534 1293 575; x_wconf 66' lang='lat' dir='ltr'>neos</span> <span class='ocrx_word' id='word_1_27' title='bbox 1302 535 1316 573; x_wconf 89' lang='grc' dir='ltr'>ι.</span> <span class='ocrx_word' id='word_1_28' title='bbox 1327 537 1357 579; x_wconf 79' lang='grc' dir='ltr'>ιι.</span> 
     </span>
    </p>
   </div>
   <div class='ocr_carea' id='block_1_3' title="bbox 101 613 1366 716">
    <p class='ocr_par' dir='ltr' id='par_1_3' title="bbox 101 613 1366 716">
     <span class='ocr_line' id='line_1_4' title="bbox 101 613 1366 716; baseline 0 -37"><span class='ocrx_word' id='word_1_29' title='bbox 101 615 134 679; x_wconf 91' lang='lat' dir='ltr'>iu</span> <span class='ocrx_word' id='word_1_30' title='bbox 150 613 298 688; x_wconf 81' lang='lat' dir='ltr'>Milesios,</span> <span class='ocrx_word' id='word_1_31' title='bbox 325 613 463 678; x_wconf 86' lang='lat' dir='ltr'>Thraces</span> <span class='ocrx_word' id='word_1_32' title='bbox 479 613 511 678; x_wconf 89' lang='lat' dir='ltr'>in</span> <span class='ocrx_word' id='word_1_33' title='bbox 529 614 709 702; x_wconf 72' lang='lat' dir='ltr'><strong>Byzantios,</strong></span> <span class='ocrx_word' id='word_1_34' title='bbox 735 615 869 680; x_wconf 83' lang='lat' dir='ltr'>Romani</span> <span class='ocrx_word' id='word_1_35' title='bbox 889 615 921 680; x_wconf 95' lang='lat' dir='ltr'>in</span> <span class='ocrx_word' id='word_1_36' title='bbox 939 616 1123 701; x_wconf 81' lang='lat' dir='ltr'>Campanos,</span> <span class='ocrx_word' id='word_1_37' title='bbox 1143 617 1202 682; x_wconf 86' lang='lat' dir='ltr'>Ca-</span> <span class='ocrx_word' id='word_1_38' title='bbox 1215 630 1366 716; x_wconf 50' lang='lat' dir='ltr'>gpgpptspgp</span> 
     </span>
    </p>
   </div>
   <div class='ocr_carea' id='block_1_4' title="bbox 102 711 1370 1880">
    <p class='ocr_par' dir='ltr' id='par_1_4' title="bbox 102 711 1364 1094">
     <span class='ocr_line' id='line_1_5' title="bbox 102 711 1330 805; baseline 0.002 -27"><span class='ocrx_word' id='word_1_39' title='bbox 102 721 240 799; x_wconf 85' lang='lat' dir='ltr'>penates,</span> <span class='ocrx_word' id='word_1_40' title='bbox 259 711 427 798; x_wconf 84' lang='lat' dir='ltr'>Hispanos,</span> <span class='ocrx_word' id='word_1_41' title='bbox 443 712 585 800; x_wconf 75' lang='lat' dir='ltr'>Ligures,</span> <span class='ocrx_word' id='word_1_42' title='bbox 611 713 755 790; x_wconf 80' lang='lat' dir='ltr'>Nervios,</span> <span class='ocrx_word' id='word_1_43' title='bbox 782 713 954 799; x_wconf 74' lang='lat' dir='ltr'><strong>Menapios.</strong></span> <span class='ocrx_word' id='word_1_44' title='bbox 1001 714 1054 789; x_wconf 88' lang='lat' dir='ltr'>At,</span> <span class='ocrx_word' id='word_1_45' title='bbox 1072 714 1099 778; x_wconf 85' lang='lat' dir='ltr'>si</span> <span class='ocrx_word' id='word_1_46' title='bbox 1117 723 1202 780; x_wconf 89' lang='lat' dir='ltr'>recte</span> <span class='ocrx_word' id='word_1_47' title='bbox 1215 722 1330 805; x_wconf 50' lang='lat' dir='ltr'>{mpi-</span> 
     </span>
     <span class='ocr_line' id='line_1_6' title="bbox 102 793 1362 901; baseline 0 -25"><span class='ocrx_word' id='word_1_48' title='bbox 102 833 169 876; x_wconf 90' lang='lat' dir='ltr'>rem</span> <span class='ocrx_word' id='word_1_49' title='bbox 190 811 358 897; x_wconf 72' lang='lat' dir='ltr'>expendas,</span> <span class='ocrx_word' id='word_1_50' title='bbox 376 810 557 897; x_wconf 86' lang='lat' dir='ltr'>plerumque</span> <span class='ocrx_word' id='word_1_51' title='bbox 579 810 787 877; x_wconf 86' lang='lat' dir='ltr'>admittuntur</span> <span class='ocrx_word' id='word_1_52' title='bbox 812 812 887 876; x_wconf 85' lang='lat' dir='ltr'>talia</span> <span class='ocrx_word' id='word_1_53' title='bbox 907 812 978 876; x_wconf 91' lang='lat' dir='ltr'>odio</span> <span class='ocrx_word' id='word_1_54' title='bbox 995 812 1093 899; x_wconf 83' lang='lat' dir='ltr'>magis</span> <span class='ocrx_word' id='word_1_55' title='bbox 1110 835 1201 898; x_wconf 88' lang='lat' dir='ltr'>quam</span> <span class='ocrx_word' id='word_1_56' title='bbox 1215 793 1362 901; x_wconf 50' lang='lat' dir='ltr'>{imgli-</span> 
     </span>
     <span class='ocr_line' id='line_1_7' title="bbox 103 904 1364 996; baseline 0.002 -22"><span class='ocrx_word' id='word_1_57' title='bbox 103 908 249 996; x_wconf 88' lang='lat' dir='ltr'>prudenti</span> <span class='ocrx_word' id='word_1_58' title='bbox 265 909 395 974; x_wconf 85' lang='lat' dir='ltr'>ratione.</span> <span class='ocrx_word' id='word_1_59' title='bbox 448 909 563 974; x_wconf 86' lang='lat' dir='ltr'>Ferme</span> <span class='ocrx_word' id='word_1_60' title='bbox 579 908 660 974; x_wconf 89' lang='lat' dir='ltr'>enim</span> <span class='ocrx_word' id='word_1_61' title='bbox 678 909 791 986; x_wconf 86' lang='lat' dir='ltr'>evenit,</span> <span class='ocrx_word' id='word_1_62' title='bbox 816 920 852 975; x_wconf 90' lang='lat' dir='ltr'>ut</span> <span class='ocrx_word' id='word_1_63' title='bbox 867 918 923 974; x_wconf 90' lang='lat' dir='ltr'>aut</span> <span class='ocrx_word' id='word_1_64' title='bbox 937 932 1037 974; x_wconf 86' lang='lat' dir='ltr'>causae</span> <span class='ocrx_word' id='word_1_65' title='bbox 1052 910 1114 974; x_wconf 75' lang='lat' dir='ltr'>ille</span> <span class='ocrx_word' id='word_1_66' title='bbox 1130 931 1202 976; x_wconf 89' lang='lat' dir='ltr'>sua·</span> <span class='ocrx_word' id='word_1_67' title='bbox 1214 904 1364 988; x_wconf 54' lang='lat' dir='ltr'>Emit„</span> 
     </span>
     <span class='ocr_line' id='line_1_8' title="bbox 103 995 1261 1094; baseline 0.002 -22"><span class='ocrx_word' id='word_1_68' title='bbox 103 1005 213 1074; x_wconf 87' lang='lat' dir='ltr'>dentes</span> <span class='ocrx_word' id='word_1_69' title='bbox 226 1015 355 1084; x_wconf 86' lang='lat' dir='ltr'>cessent,</span> <span class='ocrx_word' id='word_1_70' title='bbox 374 1013 429 1073; x_wconf 90' lang='lat' dir='ltr'>ant</span> <span class='ocrx_word' id='word_1_71' title='bbox 446 1015 481 1073; x_wconf 89' lang='lat' dir='ltr'>ut</span> <span class='ocrx_word' id='word_1_72' title='bbox 496 1007 566 1072; x_wconf 86' lang='lat' dir='ltr'>alise</span> <span class='ocrx_word' id='word_1_73' title='bbox 584 1006 646 1074; x_wconf 90' lang='lat' dir='ltr'>sint</span> <span class='ocrx_word' id='word_1_74' title='bbox 660 1007 834 1082; x_wconf 84' lang='lat' dir='ltr'>validiores,</span> <span class='ocrx_word' id='word_1_75' title='bbox 852 1029 922 1094; x_wconf 82' lang='lat' dir='ltr'>quae</span> <span class='ocrx_word' id='word_1_76' title='bbox 939 1007 1147 1074; x_wconf 84' lang='lat' dir='ltr'>dissuadeant</span> <span class='ocrx_word' id='word_1_77' title='bbox 1214 995 1261 1032; x_wconf 54' lang='grc' dir='ltr'>Η</span> 
     </span>
    </p>

    <p class='ocr_par' dir='ltr' id='par_1_5' title="bbox 104 1104 1370 1880">
     <span class='ocr_line' id='line_1_9' title="bbox 176 1104 1204 1193; baseline 0.002 -23"><span class='ocrx_word' id='word_1_78' title='bbox 176 1106 221 1170; x_wconf 91' lang='lat'>11.</span> <span class='ocrx_word' id='word_1_79' title='bbox 260 1108 280 1170; x_wconf 94' lang='lat'>1</span> <span class='ocrx_word' id='word_1_80' title='bbox 313 1105 354 1170; x_wconf 91' lang='lat' dir='ltr'>Id</span> <span class='ocrx_word' id='word_1_81' title='bbox 370 1104 493 1171; x_wconf 83' lang='lat' dir='ltr'>eveniet</span> <span class='ocrx_word' id='word_1_82' title='bbox 510 1104 653 1191; x_wconf 88' lang='lat' dir='ltr'>primum,</span> <span class='ocrx_word' id='word_1_83' title='bbox 677 1105 777 1170; x_wconf 87' lang='lat' dir='ltr'>sinos</span> <span class='ocrx_word' id='word_1_84' title='bbox 793 1105 852 1191; x_wconf 89' lang='lat' dir='ltr'>ipsi</span> <span class='ocrx_word' id='word_1_85' title='bbox 868 1127 935 1170; x_wconf 91' lang='lat' dir='ltr'>rem</span> <span class='ocrx_word' id='word_1_86' title='bbox 957 1104 1142 1193; x_wconf 78' lang='lat' dir='ltr'>frugiferam</span> <span class='ocrx_word' id='word_1_87' title='bbox 1158 1106 1204 1172; x_wconf 88' lang='lat' dir='ltr'>ita</span> 
     </span>
     <span class='ocr_line' id='line_1_10' title="bbox 104 1202 1203 1292; baseline -0.001 -23"><span class='ocrx_word' id='word_1_88' title='bbox 104 1210 272 1279; x_wconf 83' lang='lat' dir='ltr'>teneamus,</span> <span class='ocrx_word' id='word_1_89' title='bbox 290 1210 326 1270; x_wconf 91' lang='lat' dir='ltr'>ut</span> <span class='ocrx_word' id='word_1_90' title='bbox 341 1202 482 1269; x_wconf 74' lang='lat' dir='ltr'>hostibus</span> <span class='ocrx_word' id='word_1_91' title='bbox 497 1225 560 1268; x_wconf 89' lang='lat' dir='ltr'>non</span> <span class='ocrx_word' id='word_1_92' title='bbox 576 1202 674 1290; x_wconf 88' lang='lat' dir='ltr'>possit</span> <span class='ocrx_word' id='word_1_93' title='bbox 690 1225 757 1270; x_wconf 91' lang='lat' dir='ltr'>esse</span> <span class='ocrx_word' id='word_1_94' title='bbox 773 1204 807 1268; x_wconf 94' lang='lat' dir='ltr'>in</span> <span class='ocrx_word' id='word_1_95' title='bbox 823 1204 936 1270; x_wconf 85' lang='lat' dir='ltr'>iruotu.</span> <span class='ocrx_word' id='word_1_96' title='bbox 991 1205 1061 1282; x_wconf 83' lang='lat' dir='ltr'>Quo</span> <span class='ocrx_word' id='word_1_97' title='bbox 1076 1204 1203 1292; x_wconf 90' lang='lat' dir='ltr'>proprie</span> 
     </span>
     <span class='ocr_line' id='line_1_11' title="bbox 104 1299 1360 1404; baseline 0 -38"><span class='ocrx_word' id='word_1_98' title='bbox 104 1309 223 1387; x_wconf 90' lang='lat' dir='ltr'>spectat</span> <span class='ocrx_word' id='word_1_99' title='bbox 239 1300 291 1366; x_wconf 82' lang='lat' dir='ltr'>lex</span> <span class='ocrx_word' id='word_1_100' title='bbox 307 1299 421 1377; x_wconf 79' lang='lat' dir='ltr'>divina,</span> <span class='ocrx_word' id='word_1_101' title='bbox 446 1322 516 1387; x_wconf 79' lang='lat' dir='ltr'>qum</span> <span class='ocrx_word' id='word_1_102' title='bbox 532 1301 565 1367; x_wconf 86' lang='lat' dir='ltr'>in</span> <span class='ocrx_word' id='word_1_103' title='bbox 582 1301 696 1367; x_wconf 84' lang='lat' dir='ltr'>wallum</span> <span class='ocrx_word' id='word_1_104' title='bbox 716 1302 849 1389; x_wconf 78' lang='lat' dir='ltr'>bellique</span> <span class='ocrx_word' id='word_1_105' title='bbox 871 1323 967 1388; x_wconf 89' lang='lat' dir='ltr'>opera</span> <span class='ocrx_word' id='word_1_106' title='bbox 983 1302 1050 1369; x_wconf 82' lang='lat' dir='ltr'>vult</span> <span class='ocrx_word' id='word_1_107' title='bbox 1067 1303 1202 1389; x_wconf 87' lang='lat' dir='ltr'>impendi</span> <span class='ocrx_word' id='word_1_108' title='bbox 1215 1320 1360 1404; x_wconf 55' lang='lat' dir='ltr'>genesata</span> 
     </span>
     <span class='ocr_line' id='line_1_12' title="bbox 104 1399 1204 1487; baseline 0.003 -23"><span class='ocrx_word' id='word_1_109' title='bbox 104 1399 232 1464; x_wconf 90' lang='lat' dir='ltr'>arbores</span> <span class='ocrx_word' id='word_1_110' title='bbox 260 1400 353 1475; x_wconf 79' lang='lat' dir='ltr'>seras,</span> <span class='ocrx_word' id='word_1_111' title='bbox 386 1399 555 1487; x_wconf 77' lang='lat' dir='ltr'>frugiferas</span> <span class='ocrx_word' id='word_1_112' title='bbox 582 1421 658 1466; x_wconf 82' lang='lat' dir='ltr'>vero</span> <span class='ocrx_word' id='word_1_113' title='bbox 683 1401 837 1466; x_wconf 85' lang='lat' dir='ltr'>asservari</span> <span class='ocrx_word' id='word_1_114' title='bbox 871 1402 913 1466; x_wconf 89' lang='lat' dir='ltr'>ad</span> <span class='ocrx_word' id='word_1_115' title='bbox 940 1401 1064 1478; x_wconf 81' lang='lat' dir='ltr'>victum,</span> <span class='ocrx_word' id='word_1_116' title='bbox 1096 1402 1204 1467; x_wconf 87' lang='lat' dir='ltr'>addita</span> 
     </span>
     <span class='ocr_line' id='line_1_13' title="bbox 104 1497 1204 1584; baseline 0.002 -22"><span class='ocrx_word' id='word_1_117' title='bbox 104 1519 205 1575; x_wconf 69' lang='lat' dir='ltr'>eausa</span> <span class='ocrx_word' id='word_1_118' title='bbox 223 1499 305 1584; x_wconf 92' lang='lat' dir='ltr'>quod</span> <span class='ocrx_word' id='word_1_119' title='bbox 328 1518 390 1562; x_wconf 93' lang='lat' dir='ltr'>non</span> <span class='ocrx_word' id='word_1_120' title='bbox 412 1506 449 1564; x_wconf 92' lang='lat' dir='ltr'>ut</span> <span class='ocrx_word' id='word_1_121' title='bbox 469 1497 618 1579; x_wconf 88' lang='lat' dir='ltr'>homines,</span> <span class='ocrx_word' id='word_1_122' title='bbox 642 1497 736 1564; x_wconf 86' lang='lat' dir='ltr'>itaet</span> <span class='ocrx_word' id='word_1_123' title='bbox 756 1498 885 1564; x_wconf 89' lang='lat' dir='ltr'>arbores</span> <span class='ocrx_word' id='word_1_124' title='bbox 905 1500 1070 1566; x_wconf 81' lang='lat' dir='ltr'>advorsum</span> <span class='ocrx_word' id='word_1_125' title='bbox 1093 1523 1148 1564; x_wconf 89' lang='lat' dir='ltr'>nos</span> <span class='ocrx_word' id='word_1_126' title='bbox 1171 1500 1204 1564; x_wconf 92' lang='lat' dir='ltr'>in</span> 
     </span>
     <span class='ocr_line' id='line_1_14' title="bbox 104 1595 1204 1684; baseline 0.003 -25"><span class='ocrx_word' id='word_1_127' title='bbox 104 1595 245 1680; x_wconf 80' lang='lat' dir='ltr'>pralium</span> <span class='ocrx_word' id='word_1_128' title='bbox 272 1616 460 1684; x_wconf 79' lang='lat' dir='ltr'>consurgere</span> <span class='ocrx_word' id='word_1_129' title='bbox 489 1595 624 1682; x_wconf 80' lang='lat' dir='ltr'>possint:</span> <span class='ocrx_word' id='word_1_130' title='bbox 659 1596 742 1682; x_wconf 91' lang='lat' dir='ltr'>qnod</span> <span class='ocrx_word' id='word_1_131' title='bbox 775 1619 815 1661; x_wconf 85' lang='lat' dir='ltr'>ex</span> <span class='ocrx_word' id='word_1_132' title='bbox 849 1597 977 1662; x_wconf 85' lang='lat' dir='ltr'>rationis</span> <span class='ocrx_word' id='word_1_133' title='bbox 1006 1597 1204 1663; x_wconf 90' lang='lat' dir='ltr'>similitudine</span> 
     </span>
     <span class='ocr_line' id='line_1_15' title="bbox 104 1685 1370 1801; baseline 0.002 -43"><span class='ocrx_word' id='word_1_134' title='bbox 104 1685 215 1759; x_wconf 76' lang='lat' dir='ltr'>¹’Philo</span> <span class='ocrx_word' id='word_1_135' title='bbox 232 1693 325 1760; x_wconf 88' lang='lat' dir='ltr'>etiam</span> <span class='ocrx_word' id='word_1_136' title='bbox 342 1694 384 1759; x_wconf 89' lang='lat' dir='ltr'>ad</span> <span class='ocrx_word' id='word_1_137' title='bbox 400 1715 495 1782; x_wconf 86' lang='lat' dir='ltr'>agros</span> <span class='ocrx_word' id='word_1_138' title='bbox 514 1693 683 1780; x_wconf 76' lang='lat' dir='ltr'>frugiferos</span> <span class='ocrx_word' id='word_1_139' title='bbox 704 1694 856 1781; x_wconf 80' lang='lat' dir='ltr'>producit,</span> <span class='ocrx_word' id='word_1_140' title='bbox 878 1694 942 1783; x_wconf 90' lang='lat' dir='ltr'>legi</span> <span class='ocrx_word' id='word_1_141' title='bbox 958 1696 1026 1760; x_wconf 83' lang='lat' dir='ltr'>haec</span> <span class='ocrx_word' id='word_1_142' title='bbox 1043 1696 1140 1763; x_wconf 84' lang='lat' dir='ltr'>verba</span> <span class='ocrx_word' id='word_1_143' title='bbox 1159 1696 1205 1761; x_wconf 84' lang='lat' dir='ltr'>af·</span> <span class='ocrx_word' id='word_1_144' title='bbox 1218 1713 1370 1801; x_wconf 51' lang='lat' dir='ltr'>»efficaciu-</span> 
     </span>
     <span class='ocr_line' id='line_1_16' title="bbox 104 1769 1312 1880; baseline 0.005 -24"><span class='ocrx_word' id='word_1_145' title='bbox 104 1792 243 1880; x_wconf 87' lang='lat' dir='ltr'>llngeus:</span> <span class='ocrx_word' id='word_1_146' title='bbox 278 1795 360 1879; x_wconf 81' lang='lat' dir='ltr'>quid</span> <span class='ocrx_word' id='word_1_147' title='bbox 386 1795 481 1859; x_wconf 80' lang='lat' dir='ltr'>rebus</span> <span class='ocrx_word' id='word_1_148' title='bbox 505 1794 665 1858; x_wconf 72' lang='lat' dir='ltr'>inanimis</span> <span class='ocrx_word' id='word_1_149' title='bbox 694 1815 765 1878; x_wconf 78' lang='lat' dir='ltr'>poce</span> <span class='ocrx_word' id='word_1_150' title='bbox 789 1806 819 1858; x_wconf 85' lang='lat' dir='ltr'>et</span> <span class='ocrx_word' id='word_1_151' title='bbox 841 1798 934 1860; x_wconf 79' lang='lat' dir='ltr'>mites</span> <span class='ocrx_word' id='word_1_152' title='bbox 958 1807 1034 1860; x_wconf 80' lang='lat' dir='ltr'>sunt</span> <span class='ocrx_word' id='word_1_153' title='bbox 1059 1807 1089 1860; x_wconf 84' lang='lat' dir='ltr'>ct</span> <span class='ocrx_word' id='word_1_154' title='bbox 1113 1798 1207 1862; x_wconf 79' lang='lat' dir='ltr'>mites</span> <span class='ocrx_word' id='word_1_155' title='bbox 1218 1769 1239 1807; x_wconf 78' lang='lat'>,‚</span> <span class='ocrx_word' id='word_1_156' title='bbox 1292 1770 1312 1797; x_wconf 50' lang='grc' dir='ltr'>ι’</span> 
     </span>
    </p>
   </div>
   <div class='ocr_carea' id='block_1_5' title="bbox 102 1977 1209 3296">
    <p class='ocr_par' dir='ltr' id='par_1_6' title="bbox 102 1977 1209 3296">
     <span class='ocr_line' id='line_1_17' title="bbox 104 1977 1207 2040; baseline -0.003 -11"><span class='ocrx_word' id='word_1_157' title='bbox 104 1983 130 2029; x_wconf 78' lang='lat' dir='ltr'>dv</span> <span class='ocrx_word' id='word_1_158' title='bbox 145 1983 248 2029; x_wconf 79' lang='grc' dir='ltr'>ίνδείαις</span> <span class='ocrx_word' id='word_1_159' title='bbox 263 1979 390 2028; x_wconf 69' lang='grc' dir='ltr'>πολλάκις</span> <span class='ocrx_word' id='word_1_160' title='bbox 408 1979 454 2026; x_wconf 71' lang='grc' dir='ltr'>ὅτε</span> <span class='ocrx_word' id='word_1_161' title='bbox 472 1980 512 2026; x_wconf 81' lang='grc' dir='ltr'>καί</span> <span class='ocrx_word' id='word_1_162' title='bbox 532 1979 629 2039; x_wconf 80' lang='grc' dir='ltr'>τροφαί</span> <span class='ocrx_word' id='word_1_163' title='bbox 678 1979 744 2039; x_wconf 79' lang='grc' dir='ltr'>τίον,</span> <span class='ocrx_word' id='word_1_164' title='bbox 761 1980 796 2040; x_wconf 75' lang='grc' dir='ltr'>μιί</span> <span class='ocrx_word' id='word_1_165' title='bbox 811 1977 1035 2040; x_wconf 69' lang='grc' dir='ltr'>ἀπογινσίσκοννσς</span> <span class='ocrx_word' id='word_1_166' title='bbox 1050 1979 1149 2040; x_wconf 74' lang='grc' dir='ltr'>ἔχθραν,</span> <span class='ocrx_word' id='word_1_167' title='bbox 1165 1983 1207 2026; x_wconf 78' lang='grc' dir='ltr'>καί</span> 
     </span>
     <span class='ocr_line' id='line_1_18' title="bbox 104 2053 1207 2116; baseline -0.003 -13"><span class='ocrx_word' id='word_1_168' title='bbox 104 2058 224 2116; x_wconf 79' lang='grc' dir='ltr'>δεύτεραι.</span> <span class='ocrx_word' id='word_1_169' title='bbox 242 2057 284 2103; x_wconf 80' lang='grc' dir='ltr'>καί</span> <span class='ocrx_word' id='word_1_170' title='bbox 300 2053 549 2114; x_wconf 74' lang='grc' dir='ltr'>προσυπερβάλλωυ,</span> <span class='ocrx_word' id='word_1_171' title='bbox 569 2056 628 2101; x_wconf 76' lang='grc' dir='ltr'>οὔτε</span> <span class='ocrx_word' id='word_1_172' title='bbox 677 2054 884 2113; x_wconf 83' lang='grc' dir='ltr'>προσκρουστίον</span> <span class='ocrx_word' id='word_1_173' title='bbox 908 2053 940 2100; x_wconf 71' lang='grc' dir='ltr'>ιᾶς</span> <span class='ocrx_word' id='word_1_174' title='bbox 967 2054 1057 2114; x_wconf 90' lang='grc' dir='ltr'>φιλίας</span> <span class='ocrx_word' id='word_1_175' title='bbox 1082 2054 1207 2112; x_wconf 80' lang='grc' dir='ltr'>ίσομίνης,</span> 
     </span>
     <span class='ocr_line' id='line_1_19' title="bbox 102 2126 1206 2189; baseline -0.003 -13"><span class='ocrx_word' id='word_1_176' title='bbox 102 2132 154 2178; x_wconf 77' lang='grc' dir='ltr'>τοῖν</span> <span class='ocrx_word' id='word_1_177' title='bbox 170 2130 300 2189; x_wconf 78' lang='grc' dir='ltr'>πολεμίων</span> <span class='ocrx_word' id='word_1_178' title='bbox 314 2129 399 2189; x_wconf 65' lang='grc' dir='ltr'>χώραν</span> <span class='ocrx_word' id='word_1_179' title='bbox 414 2129 513 2188; x_wconf 78' lang='grc' dir='ltr'>τίμνειυ</span> <span class='ocrx_word' id='word_1_180' title='bbox 526 2129 564 2189; x_wconf 57' lang='lat' dir='ltr'>tp,</span> <span class='ocrx_word' id='word_1_181' title='bbox 577 2146 628 2174; x_wconf 80' lang='grc' dir='ltr'>τα·</span> <span class='ocrx_word' id='word_1_182' title='bbox 677 2127 718 2174; x_wconf 78' lang='grc' dir='ltr'>ἵνα</span> <span class='ocrx_word' id='word_1_183' title='bbox 734 2127 841 2174; x_wconf 66' lang='grc' dir='ltr'>ἕκαστος</span> <span class='ocrx_word' id='word_1_184' title='bbox 857 2128 883 2173; x_wconf 82' lang='grc' dir='ltr'>ίν</span> <span class='ocrx_word' id='word_1_185' title='bbox 900 2129 934 2185; x_wconf 75' lang='grc' dir='ltr'>τῇ</span> <span class='ocrx_word' id='word_1_186' title='bbox 951 2126 1041 2173; x_wconf 73' lang='grc' dir='ltr'>ἑαυτοῦ</span> <span class='ocrx_word' id='word_1_187' title='bbox 1062 2127 1139 2185; x_wconf 79' lang='grc' dir='ltr'>φύσει</span> <span class='ocrx_word' id='word_1_188' title='bbox 1158 2145 1206 2173; x_wconf 83' lang='grc' dir='ltr'>τσ-</span> 
     </span>
     <span class='ocr_line' id='line_1_20' title="bbox 102 2199 1207 2264; baseline -0.004 -14"><span class='ocrx_word' id='word_1_189' title='bbox 102 2203 245 2264; x_wconf 78' lang='grc' dir='ltr'>ραγγίλλει</span> <span class='ocrx_word' id='word_1_190' title='bbox 264 2204 289 2250; x_wconf 78' lang='lat' dir='ltr'>dd</span> <span class='ocrx_word' id='word_1_191' title='bbox 315 2203 422 2264; x_wconf 75' lang='grc' dir='ltr'>ἀπέχειν</span> <span class='ocrx_word' id='word_1_192' title='bbox 445 2202 629 2261; x_wconf 72' lang='grc' dir='ltr'>δενδροτομιιόν,</span> <span class='ocrx_word' id='word_1_193' title='bbox 677 2201 795 2260; x_wconf 80' lang='grc' dir='ltr'>μιεύηταί</span> <span class='ocrx_word' id='word_1_194' title='bbox 804 2218 833 2246; x_wconf 91' lang='grc' dir='ltr'>τι</span> <span class='ocrx_word' id='word_1_195' title='bbox 843 2201 895 2246; x_wconf 76' lang='grc' dir='ltr'>τοῖν</span> <span class='ocrx_word' id='word_1_196' title='bbox 905 2203 939 2246; x_wconf 80' lang='grc' dir='ltr'>είς</span> <span class='ocrx_word' id='word_1_197' title='bbox 948 2200 1103 2259; x_wconf 73' lang='grc' dir='ltr'>ἀσφάλειαν,</span> <span class='ocrx_word' id='word_1_198' title='bbox 1118 2201 1157 2246; x_wconf 81' lang='grc' dir='ltr'>καί</span> <span class='ocrx_word' id='word_1_199' title='bbox 1172 2199 1207 2258; x_wconf 75' lang='grc' dir='ltr'>μιί</span> 
     </span>
     <span class='ocr_line' id='line_1_21' title="bbox 104 2272 1207 2337; baseline -0.006 -14"><span class='ocrx_word' id='word_1_200' title='bbox 104 2278 186 2325; x_wconf 73' lang='grc' dir='ltr'>ἄδικον</span> <span class='ocrx_word' id='word_1_201' title='bbox 201 2277 383 2337; x_wconf 69' lang='grc' dir='ltr'>ὑπολαμβάνων</span> <span class='ocrx_word' id='word_1_202' title='bbox 398 2276 445 2332; x_wconf 79' lang='grc' dir='ltr'>τιίν</span> <span class='ocrx_word' id='word_1_203' title='bbox 459 2277 522 2335; x_wconf 80' lang='grc' dir='ltr'>πρὸς</span> <span class='ocrx_word' id='word_1_204' title='bbox 537 2275 628 2335; x_wconf 72' lang='grc' dir='ltr'>ἀνθρώ·</span> <span class='ocrx_word' id='word_1_205' title='bbox 678 2272 867 2333; x_wconf 65' lang='grc' dir='ltr'>ἀπογυμνωθείς</span> <span class='ocrx_word' id='word_1_206' title='bbox 877 2274 903 2319; x_wconf 79' lang='grc' dir='ltr'>ἐν</span> <span class='ocrx_word' id='word_1_207' title='bbox 913 2273 995 2332; x_wconf 78' lang='grc' dir='ltr'>ἔργοις</span> <span class='ocrx_word' id='word_1_208' title='bbox 1005 2274 1046 2318; x_wconf 80' lang='grc' dir='ltr'>καὶ</span> <span class='ocrx_word' id='word_1_209' title='bbox 1057 2272 1154 2331; x_wconf 82' lang='grc' dir='ltr'>λόγοις,</span> <span class='ocrx_word' id='word_1_210' title='bbox 1164 2290 1207 2330; x_wconf 88' lang='grc' dir='ltr'>με-</span> 
     </span>
     <span class='ocr_line' id='line_1_22' title="bbox 105 2346 1209 2411; baseline -0.004 -15"><span class='ocrx_word' id='word_1_211' title='bbox 105 2368 167 2397; x_wconf 83' lang='grc' dir='ltr'>παυς</span> <span class='ocrx_word' id='word_1_212' title='bbox 175 2349 473 2411; x_wconf 73' lang='grc' dir='ltr'>ὀργήνίπσσκιὶπτεινείς</span> <span class='ocrx_word' id='word_1_213' title='bbox 483 2350 517 2396; x_wconf 69' lang='grc' dir='ltr'>τά</span> <span class='ocrx_word' id='word_1_214' title='bbox 527 2351 629 2407; x_wconf 78' lang='grc' dir='ltr'>μηδενὸς</span> <span class='ocrx_word' id='word_1_215' title='bbox 678 2350 756 2406; x_wconf 57' lang='lat' dir='ltr'>canopi</span> <span class='ocrx_word' id='word_1_216' title='bbox 774 2348 821 2399; x_wconf 84' lang='grc' dir='ltr'>τῆς</span> <span class='ocrx_word' id='word_1_217' title='bbox 839 2346 906 2404; x_wconf 79' lang='grc' dir='ltr'>ἆγον</span> <span class='ocrx_word' id='word_1_218' title='bbox 923 2346 1059 2405; x_wconf 78' lang='grc' dir='ltr'>εὐχερείας,</span> <span class='ocrx_word' id='word_1_219' title='bbox 1080 2346 1119 2390; x_wconf 77' lang='grc' dir='ltr'>ὅτ’</span> <span class='ocrx_word' id='word_1_220' title='bbox 1140 2348 1209 2393; x_wconf 81' lang='grc' dir='ltr'>οὐδὲν</span> 
     </span>
     <span class='ocr_line' id='line_1_23' title="bbox 107 2418 1209 2484; baseline -0.005 -12"><span class='ocrx_word' id='word_1_221' title='bbox 107 2424 177 2471; x_wconf 81' lang='grc' dir='ltr'>αίτια</span> <span class='ocrx_word' id='word_1_222' title='bbox 191 2426 273 2470; x_wconf 76' lang='grc' dir='ltr'>κακοῦ.</span> <span class='ocrx_word' id='word_1_223' title='bbox 290 2425 380 2471; x_wconf 78' lang='grc' dir='ltr'>ίπειτα</span> <span class='ocrx_word' id='word_1_224' title='bbox 391 2425 416 2470; x_wconf 74' lang='grc' dir='ltr'>δὲ</span> <span class='ocrx_word' id='word_1_225' title='bbox 430 2423 499 2484; x_wconf 77' lang='grc' dir='ltr'>σ’ξιοῖ</span> <span class='ocrx_word' id='word_1_226' title='bbox 511 2422 545 2481; x_wconf 72' lang='grc' dir='ltr'>μή</span> <span class='ocrx_word' id='word_1_227' title='bbox 553 2424 629 2482; x_wconf 85' lang='grc' dir='ltr'>μόνον</span> <span class='ocrx_word' id='word_1_228' title='bbox 679 2418 784 2478; x_wconf 76' lang='grc' dir='ltr'>ὄφελος,</span> <span class='ocrx_word' id='word_1_229' title='bbox 800 2419 946 2477; x_wconf 78' lang='grc' dir='ltr'>αίτιαίμενος</span> <span class='ocrx_word' id='word_1_230' title='bbox 957 2418 1055 2464; x_wconf 74' lang='grc' dir='ltr'>ἑαυτόν.</span> <span class='ocrx_word' id='word_1_231' title='bbox 1074 2420 1106 2464; x_wconf 81' lang='grc' dir='ltr'>τό</span> <span class='ocrx_word' id='word_1_232' title='bbox 1117 2419 1209 2479; x_wconf 84' lang='grc' dir='ltr'>λόγιον</span> 
     </span>
     <span class='ocr_line' id='line_1_24' title="bbox 105 2492 1208 2558; baseline -0.001 -16"><span class='ocrx_word' id='word_1_233' title='bbox 105 2499 138 2545; x_wconf 70' lang='grc' dir='ltr'>τὸ</span> <span class='ocrx_word' id='word_1_234' title='bbox 148 2498 230 2558; x_wconf 77' lang='grc' dir='ltr'>παρὸν</span> <span class='ocrx_word' id='word_1_235' title='bbox 238 2497 401 2558; x_wconf 77' lang='grc' dir='ltr'>προορᾶσθαι,</span> <span class='ocrx_word' id='word_1_236' title='bbox 409 2499 511 2558; x_wconf 75' lang='grc' dir='ltr'>μηδενὸς</span> <span class='ocrx_word' id='word_1_237' title='bbox 519 2499 544 2544; x_wconf 73' lang='grc' dir='ltr'>ἐν</span> <span class='ocrx_word' id='word_1_238' title='bbox 552 2496 628 2558; x_wconf 75' lang='grc' dir='ltr'>ὁμοίῳ</span> <span class='ocrx_word' id='word_1_239' title='bbox 678 2494 756 2538; x_wconf 81' lang='grc' dir='ltr'>τοῦτο</span> <span class='ocrx_word' id='word_1_240' title='bbox 772 2492 820 2553; x_wconf 75' lang='grc' dir='ltr'>χριῖ</span> <span class='ocrx_word' id='word_1_241' title='bbox 838 2493 984 2552; x_wconf 73' lang='grc' dir='ltr'>φυλάττειν</span> <span class='ocrx_word' id='word_1_242' title='bbox 998 2492 1208 2552; x_wconf 60' lang='lat' dir='ltr'>nutrientium,</span> 
     </span>
     <span class='ocr_line' id='line_1_25' title="bbox 104 2565 1208 2631; baseline -0.006 -12"><span class='ocrx_word' id='word_1_243' title='bbox 104 2571 228 2631; x_wconf 74' lang='grc' dir='ltr'>με’νοντος,</span> <span class='ocrx_word' id='word_1_244' title='bbox 247 2569 317 2618; x_wconf 69' lang='lat' dir='ltr'>md</span> <span class='ocrx_word' id='word_1_245' title='bbox 335 2572 441 2618; x_wconf 75' lang='grc' dir='ltr'>πάντων</span> <span class='ocrx_word' id='word_1_246' title='bbox 460 2576 569 2630; x_wconf 81' lang='grc' dir='ltr'>τροπαῖς</span> <span class='ocrx_word' id='word_1_247' title='bbox 587 2571 629 2618; x_wconf 66' lang='lat' dir='ltr'>sal</span> <span class='ocrx_word' id='word_1_248' title='bbox 679 2567 706 2613; x_wconf 83' lang='grc' dir='ltr'>ίν</span> <span class='ocrx_word' id='word_1_249' title='bbox 723 2567 768 2624; x_wconf 78' lang='grc' dir='ltr'>μὲν</span> <span class='ocrx_word' id='word_1_250' title='bbox 782 2565 864 2626; x_wconf 71' lang='grc' dir='ltr'>είριὶνῃ</span> <span class='ocrx_word' id='word_1_251' title='bbox 880 2565 1062 2624; x_wconf 69' lang='grc' dir='ltr'>προνοουμένας</span> <span class='ocrx_word' id='word_1_252' title='bbox 1075 2567 1127 2612; x_wconf 75' lang='grc' dir='ltr'>τοῖν</span> <span class='ocrx_word' id='word_1_253' title='bbox 1139 2567 1208 2612; x_wconf 74' lang='grc' dir='ltr'>κατιί</span> 
     </span>
     <span class='ocr_line' id='line_1_26' title="bbox 103 2638 1207 2705; baseline -0.008 -12"><span class='ocrx_word' id='word_1_254' title='bbox 103 2645 258 2705; x_wconf 70' lang='grc' dir='ltr'>μεταβολαῖς</span> <span class='ocrx_word' id='word_1_255' title='bbox 275 2645 415 2705; x_wconf 77' lang='grc' dir='ltr'>χρωμένων,</span> <span class='ocrx_word' id='word_1_256' title='bbox 431 2644 463 2691; x_wconf 73' lang='grc' dir='ltr'>ὥς</span> <span class='ocrx_word' id='word_1_257' title='bbox 483 2645 546 2691; x_wconf 67' lang='lat' dir='ltr'>clade</span> <span class='ocrx_word' id='word_1_258' title='bbox 566 2646 630 2691; x_wconf 77' lang='lat' dir='ltr'>eluas</span> <span class='ocrx_word' id='word_1_259' title='bbox 678 2639 801 2697; x_wconf 71' lang='grc' dir='ltr'>πόλεμον,</span> <span class='ocrx_word' id='word_1_260' title='bbox 817 2638 842 2684; x_wconf 76' lang='lat' dir='ltr'>dv</span> <span class='ocrx_word' id='word_1_261' title='bbox 853 2640 878 2684; x_wconf 76' lang='lat' dir='ltr'>dd</span> <span class='ocrx_word' id='word_1_262' title='bbox 888 2638 992 2698; x_wconf 80' lang='grc' dir='ltr'>πολέμῳ</span> <span class='ocrx_word' id='word_1_263' title='bbox 1003 2641 1056 2686; x_wconf 72' lang='grc' dir='ltr'>τῶν</span> <span class='ocrx_word' id='word_1_264' title='bbox 1071 2640 1127 2685; x_wconf 80' lang='grc' dir='ltr'>κατ’</span> <span class='ocrx_word' id='word_1_265' title='bbox 1141 2639 1207 2698; x_wconf 68' lang='lat' dir='ltr'>alpri-</span> 
     </span>
     <span class='ocr_line' id='line_1_27' title="bbox 104 2712 1206 2779; baseline 0 -12"><span class='ocrx_word' id='word_1_266' title='bbox 104 2721 162 2767; x_wconf 75' lang='grc' dir='ltr'>τοὺς</span> <span class='ocrx_word' id='word_1_267' title='bbox 176 2719 240 2767; x_wconf 75' lang='grc' dir='ltr'>τέως</span> <span class='ocrx_word' id='word_1_268' title='bbox 256 2719 382 2778; x_wconf 78' lang='grc' dir='ltr'>δυσμενεῖς</span> <span class='ocrx_word' id='word_1_269' title='bbox 403 2719 629 2779; x_wconf 79' lang='grc' dir='ltr'>ίπικηρυκεοσσμέ-</span> <span class='ocrx_word' id='word_1_270' title='bbox 679 2731 729 2769; x_wconf 80' lang='grc' dir='ltr'>νην,</span> <span class='ocrx_word' id='word_1_271' title='bbox 746 2713 787 2759; x_wconf 76' lang='grc' dir='ltr'>καὶ</span> <span class='ocrx_word' id='word_1_272' title='bbox 805 2713 870 2773; x_wconf 72' lang='grc' dir='ltr'>μήτε</span> <span class='ocrx_word' id='word_1_273' title='bbox 886 2718 940 2759; x_wconf 82' lang='grc' dir='ltr'>τοῖς</span> <span class='ocrx_word' id='word_1_274' title='bbox 959 2712 1100 2772; x_wconf 76' lang='grc' dir='ltr'>συμμάχοις</span> <span class='ocrx_word' id='word_1_275' title='bbox 1119 2713 1206 2767; x_wconf 70' lang='grc' dir='ltr'>α’νὲδιιν</span> 
     </span>
     <span class='ocr_line' id='line_1_28' title="bbox 105 2786 1208 2854; baseline -0.01 -12"><span class='ocrx_word' id='word_1_276' title='bbox 105 2813 158 2842; x_wconf 86' lang='grc' dir='ltr'>νους</span> <span class='ocrx_word' id='word_1_277' title='bbox 174 2797 216 2842; x_wconf 84' lang='grc' dir='ltr'>καί</span> <span class='ocrx_word' id='word_1_278' title='bbox 233 2795 412 2853; x_wconf 69' lang='grc' dir='ltr'>συμβατηρίων</span> <span class='ocrx_word' id='word_1_279' title='bbox 432 2794 570 2854; x_wconf 74' lang='grc' dir='ltr'>ἄρξαντας,</span> <span class='ocrx_word' id='word_1_280' title='bbox 591 2793 629 2839; x_wconf 80' lang='grc' dir='ltr'>ἐν.</span> <span class='ocrx_word' id='word_1_281' title='bbox 679 2788 886 2846; x_wconf 80' lang='grc' dir='ltr'>προσπιστεὺειν,</span> <span class='ocrx_word' id='word_1_282' title='bbox 901 2786 933 2832; x_wconf 73' lang='grc' dir='ltr'>ὥς</span> <span class='ocrx_word' id='word_1_283' title='bbox 947 2789 974 2832; x_wconf 77' lang='grc' dir='ltr'>οὐ</span> <span class='ocrx_word' id='word_1_284' title='bbox 987 2786 1150 2846; x_wconf 79' lang='grc' dir='ltr'>χρησομένοις</span> <span class='ocrx_word' id='word_1_285' title='bbox 1163 2804 1208 2845; x_wconf 80' lang='grc' dir='ltr'>με·</span> 
     </span>
     <span class='ocr_line' id='line_1_29' title="bbox 104 2859 1208 2929; baseline -0.009 -11"><span class='ocrx_word' id='word_1_286' title='bbox 104 2870 225 2918; x_wconf 57' lang='lat' dir='ltr'>nidove</span> <span class='ocrx_word' id='word_1_287' title='bbox 240 2859 331 2915; x_wconf 70' lang='grc' dir='ltr'>αὐτίκἰι</span> <span class='ocrx_word' id='word_1_288' title='bbox 349 2867 474 2929; x_wconf 77' lang='grc' dir='ltr'>γενέσθαι.</span> <span class='ocrx_word' id='word_1_289' title='bbox 495 2867 587 2926; x_wconf 87' lang='grc' dir='ltr'>φίλους</span> <span class='ocrx_word' id='word_1_290' title='bbox 604 2868 629 2914; x_wconf 78' lang='lat' dir='ltr'>ti</span> <span class='ocrx_word' id='word_1_291' title='bbox 678 2863 780 2922; x_wconf 76' lang='grc' dir='ltr'>ταβόλῃ</span> <span class='ocrx_word' id='word_1_292' title='bbox 791 2863 854 2921; x_wconf 81' lang='grc' dir='ltr'>πρὸς</span> <span class='ocrx_word' id='word_1_293' title='bbox 863 2863 895 2908; x_wconf 86' lang='grc' dir='ltr'>τὸ</span> <span class='ocrx_word' id='word_1_294' title='bbox 910 2861 1063 2920; x_wconf 71' lang='grc' dir='ltr'>ἀντίπαλον,</span> <span class='ocrx_word' id='word_1_295' title='bbox 1077 2861 1142 2922; x_wconf 75' lang='grc' dir='ltr'>μήτε</span> <span class='ocrx_word' id='word_1_296' title='bbox 1152 2867 1208 2908; x_wconf 86' lang='grc' dir='ltr'>τοῖς</span> 
     </span>
     <span class='ocr_line' id='line_1_30' title="bbox 104 2935 1207 3004; baseline -0.009 -12"><span class='ocrx_word' id='word_1_297' title='bbox 104 2946 207 3004; x_wconf 69' lang='grc' dir='ltr'>τροφῶν</span> <span class='ocrx_word' id='word_1_298' title='bbox 224 2943 367 3003; x_wconf 74' lang='grc' dir='ltr'>ἀναγκαίων</span> <span class='ocrx_word' id='word_1_299' title='bbox 380 2942 535 3001; x_wconf 72' lang='grc' dir='ltr'>ἀποστερεῖν</span> <span class='ocrx_word' id='word_1_300' title='bbox 551 2942 630 3002; x_wconf 79' lang='grc' dir='ltr'>χαλε·</span> <span class='ocrx_word' id='word_1_301' title='bbox 678 2937 809 2995; x_wconf 82' lang='grc' dir='ltr'>πολεμίοις</span> <span class='ocrx_word' id='word_1_302' title='bbox 820 2936 929 2982; x_wconf 68' lang='lat' dir='ltr'>eluderes</span> <span class='ocrx_word' id='word_1_303' title='bbox 939 2935 1070 2992; x_wconf 82' lang='grc' dir='ltr'>α’πιστεῖν,</span> <span class='ocrx_word' id='word_1_304' title='bbox 1087 2935 1119 2982; x_wconf 80' lang='lat' dir='ltr'>‹u&#39;s</span> <span class='ocrx_word' id='word_1_305' title='bbox 1129 2939 1156 2981; x_wconf 81' lang='lat' dir='ltr'>orl</span> <span class='ocrx_word' id='word_1_306' title='bbox 1167 2937 1207 2982; x_wconf 85' lang='lat' dir='ltr'>do·</span> 
     </span>
     <span class='ocr_line' id='line_1_31' title="bbox 103 3010 1207 3077; baseline -0.009 -12"><span class='ocrx_word' id='word_1_307' title='bbox 103 3020 162 3075; x_wconf 77' lang='grc' dir='ltr'>πδν,</span> <span class='ocrx_word' id='word_1_308' title='bbox 187 3019 263 3077; x_wconf 70' lang='grc' dir='ltr'>μηδὲν</span> <span class='ocrx_word' id='word_1_309' title='bbox 280 3016 493 3077; x_wconf 78' lang='grc' dir='ltr'>ταμιευσαμέναυς</span> <span class='ocrx_word' id='word_1_310' title='bbox 511 3017 565 3062; x_wconf 71' lang='grc' dir='ltr'>τῶν</span> <span class='ocrx_word' id='word_1_311' title='bbox 589 3016 631 3062; x_wconf 67' lang='grc' dir='ltr'>ἐπ’</span> <span class='ocrx_word' id='word_1_312' title='bbox 680 3011 790 3070; x_wconf 85' lang='grc' dir='ltr'>ναμένοις</span> <span class='ocrx_word' id='word_1_313' title='bbox 805 3028 872 3057; x_wconf 82' lang='grc' dir='ltr'>ποτε</span> <span class='ocrx_word' id='word_1_314' title='bbox 881 3010 1087 3070; x_wconf 82' lang='grc' dir='ltr'>μεθαρμόσασθαι</span> <span class='ocrx_word' id='word_1_315' title='bbox 1101 3010 1165 3068; x_wconf 80' lang='grc' dir='ltr'>πρὸς</span> <span class='ocrx_word' id='word_1_316' title='bbox 1175 3011 1207 3055; x_wconf 81' lang='grc' dir='ltr'>τό</span> 
     </span>
     <span class='ocr_line' id='line_1_32' title="bbox 105 3085 1207 3154; baseline -0.009 -14"><span class='ocrx_word' id='word_1_317' title='bbox 105 3094 228 3154; x_wconf 73' lang='grc' dir='ltr'>ιίφελσίᾳ,</span> <span class='ocrx_word' id='word_1_318' title='bbox 241 3091 281 3139; x_wconf 75' lang='grc' dir='ltr'>δαὶ</span> <span class='ocrx_word' id='word_1_319' title='bbox 293 3093 341 3146; x_wconf 72' lang='grc' dir='ltr'>τήν</span> <span class='ocrx_word' id='word_1_320' title='bbox 357 3091 402 3136; x_wconf 82' lang='grc' dir='ltr'>τοῦ</span> <span class='ocrx_word' id='word_1_321' title='bbox 416 3089 556 3148; x_wconf 77' lang='grc' dir='ltr'>μέλλοντος</span> <span class='ocrx_word' id='word_1_322' title='bbox 571 3089 629 3144; x_wconf 70' lang='lat' dir='ltr'>des,-</span> <span class='ocrx_word' id='word_1_323' title='bbox 679 3085 823 3133; x_wconf 81' lang='grc' dir='ltr'>ἔνσπονδον.</span> <span class='ocrx_word' id='word_1_324' title='bbox 844 3089 865 3133; x_wconf 78' lang='grc' dir='ltr'>σί</span> <span class='ocrx_word' id='word_1_325' title='bbox 884 3087 970 3146; x_wconf 83' lang='grc' dir='ltr'>μέντοι</span> <span class='ocrx_word' id='word_1_326' title='bbox 991 3085 1032 3132; x_wconf 77' lang='grc' dir='ltr'>καί</span> <span class='ocrx_word' id='word_1_327' title='bbox 1050 3086 1126 3145; x_wconf 80' lang='grc' dir='ltr'>μηδὲν</span> <span class='ocrx_word' id='word_1_328' title='bbox 1145 3086 1207 3144; x_wconf 77' lang='grc' dir='ltr'>ὑπὲρ</span> 
     </span>
     <span class='ocr_line' id='line_1_33' title="bbox 104 3159 1208 3223; baseline -0.005 -12"><span class='ocrx_word' id='word_1_329' title='bbox 104 3163 213 3219; x_wconf 84' lang='grc' dir='ltr'>λότητα.</span> <span class='ocrx_word' id='word_1_330' title='bbox 223 3162 346 3223; x_wconf 78' lang='grc' dir='ltr'>πάνυγιίρ</span> <span class='ocrx_word' id='word_1_331' title='bbox 356 3162 436 3208; x_wconf 66' lang='lat' dir='ltr'>trotio</span> <span class='ocrx_word' id='word_1_332' title='bbox 443 3160 525 3206; x_wconf 75' lang='grc' dir='ltr'>καλῶς</span> <span class='ocrx_word' id='word_1_333' title='bbox 532 3160 631 3220; x_wconf 80' lang='grc' dir='ltr'>είρηται</span> <span class='ocrx_word' id='word_1_334' title='bbox 679 3159 768 3221; x_wconf 73' lang='grc' dir='ltr'>ἔχθραν</span> <span class='ocrx_word' id='word_1_335' title='bbox 781 3161 910 3220; x_wconf 70' lang='grc' dir='ltr'>πρακτέον</span> <span class='ocrx_word' id='word_1_336' title='bbox 926 3163 955 3208; x_wconf 79' lang='grc' dir='ltr'>δι’</span> <span class='ocrx_word' id='word_1_337' title='bbox 967 3161 1058 3207; x_wconf 77' lang='grc' dir='ltr'>ἐλπίδα</span> <span class='ocrx_word' id='word_1_338' title='bbox 1076 3160 1208 3206; x_wconf 86' lang='grc' dir='ltr'>καταλλα-</span> 
     </span>
     <span class='ocr_line' id='line_1_34' title="bbox 105 3233 1208 3296; baseline -0.005 -11"><span class='ocrx_word' id='word_1_339' title='bbox 105 3244 159 3287; x_wconf 72' lang='lat' dir='ltr'>&#39;soie</span> <span class='ocrx_word' id='word_1_340' title='bbox 167 3240 297 3295; x_wconf 81' lang='grc' dir='ltr'>παλαιοῖς,</span> <span class='ocrx_word' id='word_1_341' title='bbox 310 3237 352 3283; x_wconf 78' lang='grc' dir='ltr'>ὅτι</span> <span class='ocrx_word' id='word_1_342' title='bbox 362 3238 404 3283; x_wconf 79' lang='grc' dir='ltr'>καί</span> <span class='ocrx_word' id='word_1_343' title='bbox 415 3235 505 3295; x_wconf 84' lang='grc' dir='ltr'>φιλίας</span> <span class='ocrx_word' id='word_1_344' title='bbox 515 3251 630 3290; x_wconf 65' lang='lat' dir='ltr'>notumve·</span> <span class='ocrx_word' id='word_1_345' title='bbox 680 3237 742 3294; x_wconf 75' lang='grc' dir='ltr'>γῶν,</span> <span class='ocrx_word' id='word_1_346' title='bbox 752 3236 821 3282; x_wconf 78' lang='grc' dir='ltr'>οὐδὲν</span> <span class='ocrx_word' id='word_1_347' title='bbox 831 3235 921 3296; x_wconf 74' lang='grc' dir='ltr'>ἐχθρὸν</span> <span class='ocrx_word' id='word_1_348' title='bbox 933 3237 1024 3296; x_wconf 74' lang='grc' dir='ltr'>φυτὸν,</span> <span class='ocrx_word' id='word_1_349' title='bbox 1040 3233 1111 3280; x_wconf 70' lang='grc' dir='ltr'>ἄλλά</span> <span class='ocrx_word' id='word_1_350' title='bbox 1120 3233 1208 3280; x_wconf 78' lang='grc' dir='ltr'>πάντα</span> 
     </span>
    </p>
   </div>
   <div class='ocr_carea' id='block_1_6' title="bbox 104 3475 1210 4398">
    <p class='ocr_par' dir='ltr' id='par_1_7' title="bbox 104 3475 1209 3972">
     <span class='ocr_line' id='line_1_35' title="bbox 105 3475 1207 3556; baseline -0.007 -18"><span class='ocrx_word' id='word_1_351' title='bbox 105 3483 252 3556; x_wconf 77' lang='lat' dir='ltr'>Halyattes</span> <span class='ocrx_word' id='word_1_352' title='bbox 264 3483 373 3539; x_wconf 88' lang='lat' dir='ltr'>carried</span> <span class='ocrx_word' id='word_1_353' title='bbox 388 3498 425 3537; x_wconf 91' lang='lat' dir='ltr'>on</span> <span class='ocrx_word' id='word_1_354' title='bbox 437 3482 547 3552; x_wconf 88' lang='lat' dir='ltr'>against</span> <span class='ocrx_word' id='word_1_355' title='bbox 565 3482 615 3536; x_wconf 92' lang='lat' dir='ltr'>the</span> <span class='ocrx_word' id='word_1_356' title='bbox 632 3481 785 3544; x_wconf 87' lang='lat' dir='ltr'>Milesians,</span> <span class='ocrx_word' id='word_1_357' title='bbox 804 3480 854 3534; x_wconf 92' lang='lat' dir='ltr'>the</span> <span class='ocrx_word' id='word_1_358' title='bbox 866 3478 1019 3533; x_wconf 88' lang='lat' dir='ltr'>Thracians</span> <span class='ocrx_word' id='word_1_359' title='bbox 1032 3476 1142 3547; x_wconf 88' lang='lat' dir='ltr'>against</span> <span class='ocrx_word' id='word_1_360' title='bbox 1156 3475 1207 3530; x_wconf 90' lang='lat' dir='ltr'>the</span> 
     </span>
     <span class='ocr_line' id='line_1_36' title="bbox 104 3561 1209 3641; baseline -0.007 -17"><span class='ocrx_word' id='word_1_361' title='bbox 104 3569 280 3641; x_wconf 77' lang='lat' dir='ltr'>Byzantines,</span> <span class='ocrx_word' id='word_1_362' title='bbox 289 3569 338 3624; x_wconf 91' lang='lat' dir='ltr'>tho</span> <span class='ocrx_word' id='word_1_363' title='bbox 347 3569 472 3624; x_wconf 85' lang='lat' dir='ltr'>Romans</span> <span class='ocrx_word' id='word_1_364' title='bbox 484 3568 593 3637; x_wconf 80' lang='lat' dir='ltr'>against</span> <span class='ocrx_word' id='word_1_365' title='bbox 605 3566 654 3620; x_wconf 89' lang='lat' dir='ltr'>the</span> <span class='ocrx_word' id='word_1_366' title='bbox 664 3567 860 3636; x_wconf 76' lang='lat' dir='ltr'>campaninus,</span> <span class='ocrx_word' id='word_1_367' title='bbox 873 3565 1037 3634; x_wconf 73' lang='lat' dir='ltr'>Capenates,</span> <span class='ocrx_word' id='word_1_368' title='bbox 1047 3561 1209 3632; x_wconf 85' lang='lat' dir='ltr'>Spaniards,</span> 
     </span>
     <span class='ocr_line' id='line_1_37' title="bbox 104 3646 1208 3726; baseline -0.01 -17"><span class='ocrx_word' id='word_1_369' title='bbox 104 3655 260 3726; x_wconf 72' lang='lat' dir='ltr'>Liguribus,</span> <span class='ocrx_word' id='word_1_370' title='bbox 275 3655 424 3717; x_wconf 77' lang='lat' dir='ltr'>Nervians,</span> <span class='ocrx_word' id='word_1_371' title='bbox 438 3652 613 3723; x_wconf 83' lang='lat' dir='ltr'>Menapians.</span> <span class='ocrx_word' id='word_1_372' title='bbox 651 3652 708 3705; x_wconf 90' lang='lat' dir='ltr'>But</span> <span class='ocrx_word' id='word_1_373' title='bbox 720 3652 746 3704; x_wconf 89' lang='lat' dir='ltr'>if</span> <span class='ocrx_word' id='word_1_374' title='bbox 763 3665 819 3720; x_wconf 76' lang='lat' dir='ltr'>you</span> <span class='ocrx_word' id='word_1_375' title='bbox 839 3646 930 3717; x_wconf 90' lang='lat' dir='ltr'>weigh</span> <span class='ocrx_word' id='word_1_376' title='bbox 948 3647 997 3701; x_wconf 90' lang='lat' dir='ltr'>the</span> <span class='ocrx_word' id='word_1_377' title='bbox 1017 3653 1123 3700; x_wconf 85' lang='lat' dir='ltr'>matter</span> <span class='ocrx_word' id='word_1_378' title='bbox 1136 3646 1208 3710; x_wconf 88' lang='lat' dir='ltr'>well,</span> 
     </span>
     <span class='ocr_line' id='line_1_38' title="bbox 104 3730 1209 3810; baseline -0.007 -17"><span class='ocrx_word' id='word_1_379' title='bbox 104 3756 161 3810; x_wconf 78' lang='lat' dir='ltr'>you</span> <span class='ocrx_word' id='word_1_380' title='bbox 177 3739 233 3793; x_wconf 83' lang='lat' dir='ltr'>will</span> <span class='ocrx_word' id='word_1_381' title='bbox 255 3739 315 3793; x_wconf 86' lang='lat' dir='ltr'>find</span> <span class='ocrx_word' id='word_1_382' title='bbox 336 3738 399 3793; x_wconf 86' lang='lat' dir='ltr'>that</span> <span class='ocrx_word' id='word_1_383' title='bbox 416 3737 486 3793; x_wconf 88' lang='lat' dir='ltr'>such</span> <span class='ocrx_word' id='word_1_384' title='bbox 503 3738 639 3809; x_wconf 86' lang='lat' dir='ltr'>practices</span> <span class='ocrx_word' id='word_1_385' title='bbox 661 3752 710 3789; x_wconf 86' lang='lat' dir='ltr'>are</span> <span class='ocrx_word' id='word_1_386' title='bbox 727 3733 873 3797; x_wconf 85' lang='lat' dir='ltr'>admitted,</span> <span class='ocrx_word' id='word_1_387' title='bbox 888 3732 985 3785; x_wconf 88' lang='lat' dir='ltr'>rather</span> <span class='ocrx_word' id='word_1_388' title='bbox 998 3730 1121 3802; x_wconf 88' lang='lat' dir='ltr'>through</span> <span class='ocrx_word' id='word_1_389' title='bbox 1136 3732 1209 3802; x_wconf 91' lang='lat' dir='ltr'>spito</span> 
     </span>
     <span class='ocr_line' id='line_1_39' title="bbox 104 3815 1209 3894; baseline -0.006 -16"><span class='ocrx_word' id='word_1_390' title='bbox 104 3823 173 3878; x_wconf 89' lang='lat' dir='ltr'>than</span> <span class='ocrx_word' id='word_1_391' title='bbox 185 3823 335 3894; x_wconf 89' lang='lat' dir='ltr'>prudence.</span> <span class='ocrx_word' id='word_1_392' title='bbox 371 3823 467 3877; x_wconf 82' lang='lat' dir='ltr'>Ferit</span> <span class='ocrx_word' id='word_1_393' title='bbox 484 3821 627 3893; x_wconf 84' lang='lat' dir='ltr'>generally</span> <span class='ocrx_word' id='word_1_394' title='bbox 641 3819 778 3891; x_wconf 90' lang='lat' dir='ltr'>happens,</span> <span class='ocrx_word' id='word_1_395' title='bbox 799 3816 891 3871; x_wconf 86' lang='lat' dir='ltr'>either</span> <span class='ocrx_word' id='word_1_396' title='bbox 911 3816 975 3871; x_wconf 88' lang='lat' dir='ltr'>that</span> <span class='ocrx_word' id='word_1_397' title='bbox 989 3815 1069 3871; x_wconf 90' lang='lat' dir='ltr'>these</span> <span class='ocrx_word' id='word_1_398' title='bbox 1091 3817 1209 3871; x_wconf 81' lang='lat' dir='ltr'>motises</span> 
     </span>
     <span class='ocr_line' id='line_1_40' title="bbox 105 3901 1206 3972; baseline -0.006 -10"><span class='ocrx_word' id='word_1_399' title='bbox 105 3924 194 3972; x_wconf 82' lang='lat' dir='ltr'>oense,</span> <span class='ocrx_word' id='word_1_400' title='bbox 203 3925 236 3963; x_wconf 91' lang='lat' dir='ltr'>or</span> <span class='ocrx_word' id='word_1_401' title='bbox 246 3909 309 3964; x_wconf 89' lang='lat' dir='ltr'>that</span> <span class='ocrx_word' id='word_1_402' title='bbox 318 3908 400 3964; x_wconf 89' lang='lat' dir='ltr'>other</span> <span class='ocrx_word' id='word_1_403' title='bbox 411 3909 528 3962; x_wconf 85' lang='lat' dir='ltr'>motivas</span> <span class='ocrx_word' id='word_1_404' title='bbox 540 3905 630 3959; x_wconf 81' lang='lat' dir='ltr'>which</span> <span class='ocrx_word' id='word_1_405' title='bbox 639 3910 685 3958; x_wconf 88' lang='lat' dir='ltr'>aet</span> <span class='ocrx_word' id='word_1_406' title='bbox 694 3903 743 3958; x_wconf 90' lang='lat' dir='ltr'>the</span> <span class='ocrx_word' id='word_1_407' title='bbox 755 3902 836 3956; x_wconf 89' lang='lat' dir='ltr'>other</span> <span class='ocrx_word' id='word_1_408' title='bbox 845 3919 905 3972; x_wconf 84' lang='lat' dir='ltr'>way</span> <span class='ocrx_word' id='word_1_409' title='bbox 914 3917 963 3956; x_wconf 91' lang='lat' dir='ltr'>are</span> <span class='ocrx_word' id='word_1_410' title='bbox 974 3917 1052 3955; x_wconf 89' lang='lat' dir='ltr'>more</span> <span class='ocrx_word' id='word_1_411' title='bbox 1061 3901 1206 3972; x_wconf 85' lang='lat' dir='ltr'>powerful.</span> 
     </span>
    </p>

    <p class='ocr_par' dir='ltr' id='par_1_8' title="bbox 104 3987 1210 4398">
     <span class='ocr_line' id='line_1_41' title="bbox 158 3987 1208 4058; baseline -0.01 -10"><span class='ocrx_word' id='word_1_412' title='bbox 158 3994 197 4048; x_wconf 90' lang='lat'>11.</span> <span class='ocrx_word' id='word_1_413' title='bbox 237 4000 251 4048; x_wconf 95' lang='lat'>1</span> <span class='ocrx_word' id='word_1_414' title='bbox 275 3992 351 4048; x_wconf 83' lang='lat' dir='ltr'>That</span> <span class='ocrx_word' id='word_1_415' title='bbox 365 3992 421 4045; x_wconf 92' lang='lat' dir='ltr'>will</span> <span class='ocrx_word' id='word_1_416' title='bbox 431 3992 468 4047; x_wconf 90' lang='lat' dir='ltr'>be</span> <span class='ocrx_word' id='word_1_417' title='bbox 477 3991 526 4046; x_wconf 90' lang='lat' dir='ltr'>the</span> <span class='ocrx_word' id='word_1_418' title='bbox 538 4007 609 4054; x_wconf 85' lang='lat' dir='ltr'>case,</span> <span class='ocrx_word' id='word_1_419' title='bbox 621 3990 651 4043; x_wconf 92' lang='lat' dir='ltr'>in</span> <span class='ocrx_word' id='word_1_420' title='bbox 664 3988 712 4042; x_wconf 89' lang='lat' dir='ltr'>the</span> <span class='ocrx_word' id='word_1_421' title='bbox 727 3988 789 4041; x_wconf 86' lang='lat' dir='ltr'>first</span> <span class='ocrx_word' id='word_1_422' title='bbox 799 3987 888 4058; x_wconf 90' lang='lat' dir='ltr'>place,</span> <span class='ocrx_word' id='word_1_423' title='bbox 904 3987 929 4040; x_wconf 87' lang='lat' dir='ltr'>if</span> <span class='ocrx_word' id='word_1_424' title='bbox 938 4003 980 4040; x_wconf 85' lang='lat' dir='ltr'>we</span> <span class='ocrx_word' id='word_1_425' title='bbox 994 4002 1043 4040; x_wconf 89' lang='lat' dir='ltr'>are</span> <span class='ocrx_word' id='word_1_426' title='bbox 1055 3988 1085 4039; x_wconf 92' lang='lat' dir='ltr'>in</span> <span class='ocrx_word' id='word_1_427' title='bbox 1099 4002 1208 4057; x_wconf 91' lang='lat' dir='ltr'>posses-</span> 
     </span>
     <span class='ocr_line' id='line_1_42' title="bbox 104 4069 1208 4148; baseline -0.007 -16"><span class='ocrx_word' id='word_1_428' title='bbox 104 4078 166 4132; x_wconf 92' lang='lat' dir='ltr'>sion</span> <span class='ocrx_word' id='word_1_429' title='bbox 179 4078 212 4132; x_wconf 76' lang='grc' dir='ltr'>οι</span> <span class='ocrx_word' id='word_1_430' title='bbox 222 4077 272 4132; x_wconf 82' lang='lat' dir='ltr'>the</span> <span class='ocrx_word' id='word_1_431' title='bbox 284 4083 404 4148; x_wconf 83' lang='lat' dir='ltr'>country</span> <span class='ocrx_word' id='word_1_432' title='bbox 419 4075 508 4131; x_wconf 89' lang='lat' dir='ltr'>which</span> <span class='ocrx_word' id='word_1_433' title='bbox 521 4075 610 4146; x_wconf 77' lang='lat' dir='ltr'>yields</span> <span class='ocrx_word' id='word_1_434' title='bbox 622 4073 786 4144; x_wconf 81' lang='lat' dir='ltr'>provisions,</span> <span class='ocrx_word' id='word_1_435' title='bbox 798 4088 829 4126; x_wconf 90' lang='lat' dir='ltr'>so</span> <span class='ocrx_word' id='word_1_436' title='bbox 841 4073 904 4127; x_wconf 87' lang='lat' dir='ltr'>that</span> <span class='ocrx_word' id='word_1_437' title='bbox 915 4073 939 4126; x_wconf 89' lang='lat' dir='ltr'>it</span> <span class='ocrx_word' id='word_1_438' title='bbox 951 4078 1055 4126; x_wconf 86' lang='lat' dir='ltr'>cannot</span> <span class='ocrx_word' id='word_1_439' title='bbox 1067 4070 1139 4124; x_wconf 83' lang='lat' dir='ltr'>avait</span> <span class='ocrx_word' id='word_1_440' title='bbox 1159 4069 1208 4124; x_wconf 86' lang='lat' dir='ltr'>the</span> 
     </span>
     <span class='ocr_line' id='line_1_43' title="bbox 105 4154 1209 4233; baseline -0.01 -16"><span class='ocrx_word' id='word_1_441' title='bbox 105 4179 207 4233; x_wconf 86' lang='lat' dir='ltr'>enemy</span> <span class='ocrx_word' id='word_1_442' title='bbox 223 4162 269 4217; x_wconf 77' lang='lat' dir='ltr'>for</span> <span class='ocrx_word' id='word_1_443' title='bbox 285 4162 362 4217; x_wconf 88' lang='lat' dir='ltr'>their</span> <span class='ocrx_word' id='word_1_444' title='bbox 375 4162 486 4233; x_wconf 81' lang='lat' dir='ltr'>supply.</span> <span class='ocrx_word' id='word_1_445' title='bbox 523 4160 589 4213; x_wconf 87' lang='lat' dir='ltr'>And</span> <span class='ocrx_word' id='word_1_446' title='bbox 604 4166 634 4213; x_wconf 90' lang='lat' dir='ltr'>to</span> <span class='ocrx_word' id='word_1_447' title='bbox 650 4158 706 4212; x_wconf 89' lang='lat' dir='ltr'>this</span> <span class='ocrx_word' id='word_1_448' title='bbox 718 4159 799 4228; x_wconf 91' lang='lat' dir='ltr'>point</span> <span class='ocrx_word' id='word_1_449' title='bbox 811 4157 943 4229; x_wconf 81' lang='lat' dir='ltr'>properly</span> <span class='ocrx_word' id='word_1_450' title='bbox 958 4156 1041 4210; x_wconf 86' lang='lat' dir='ltr'>tends</span> <span class='ocrx_word' id='word_1_451' title='bbox 1053 4154 1102 4209; x_wconf 90' lang='lat' dir='ltr'>the</span> <span class='ocrx_word' id='word_1_452' title='bbox 1115 4155 1209 4207; x_wconf 82' lang='lat' dir='ltr'>divine</span> 
     </span>
     <span class='ocr_line' id='line_1_44' title="bbox 104 4238 1210 4313; baseline -0.009 -13"><span class='ocrx_word' id='word_1_453' title='bbox 104 4247 158 4301; x_wconf 88' lang='lat' dir='ltr'>law</span> <span class='ocrx_word' id='word_1_454' title='bbox 173 4246 272 4313; x_wconf 85' lang='lat' dir='ltr'>(Dent.</span> <span class='ocrx_word' id='word_1_455' title='bbox 287 4264 329 4301; x_wconf 85' lang='lat' dir='ltr'>xx.</span> <span class='ocrx_word' id='word_1_456' title='bbox 344 4253 386 4310; x_wconf 87' lang='lat'>19,</span> <span class='ocrx_word' id='word_1_457' title='bbox 398 4242 454 4309; x_wconf 84' lang='lat'>20),</span> <span class='ocrx_word' id='word_1_458' title='bbox 465 4244 557 4298; x_wconf 87' lang='lat' dir='ltr'>which</span> <span class='ocrx_word' id='word_1_459' title='bbox 573 4244 681 4298; x_wconf 87' lang='lat' dir='ltr'>forbids</span> <span class='ocrx_word' id='word_1_460' title='bbox 692 4242 742 4297; x_wconf 89' lang='lat' dir='ltr'>the</span> <span class='ocrx_word' id='word_1_461' title='bbox 760 4244 870 4312; x_wconf 88' lang='lat' dir='ltr'>cutting</span> <span class='ocrx_word' id='word_1_462' title='bbox 885 4242 967 4295; x_wconf 89' lang='lat' dir='ltr'>down</span> <span class='ocrx_word' id='word_1_463' title='bbox 984 4240 1143 4293; x_wconf 86' lang='lat' dir='ltr'>fruit-trees</span> <span class='ocrx_word' id='word_1_464' title='bbox 1164 4238 1210 4290; x_wconf 81' lang='lat' dir='ltr'>for</span> 
     </span>
     <span class='ocr_line' id='line_1_45' title="bbox 105 4322 1209 4398; baseline -0.011 -13"><span class='ocrx_word' id='word_1_465' title='bbox 105 4331 244 4388; x_wconf 86' lang='lat' dir='ltr'>bulwarks</span> <span class='ocrx_word' id='word_1_466' title='bbox 256 4332 314 4387; x_wconf 89' lang='lat' dir='ltr'>and</span> <span class='ocrx_word' id='word_1_467' title='bbox 328 4330 409 4387; x_wconf 91' lang='lat' dir='ltr'>other</span> <span class='ocrx_word' id='word_1_468' title='bbox 428 4330 543 4385; x_wconf 85' lang='lat' dir='ltr'>warlike</span> <span class='ocrx_word' id='word_1_469' title='bbox 563 4346 635 4392; x_wconf 88' lang='lat' dir='ltr'>uses,</span> <span class='ocrx_word' id='word_1_470' title='bbox 655 4328 710 4384; x_wconf 92' lang='lat' dir='ltr'>and</span> <span class='ocrx_word' id='word_1_471' title='bbox 727 4328 821 4398; x_wconf 89' lang='lat' dir='ltr'>points</span> <span class='ocrx_word' id='word_1_472' title='bbox 837 4332 887 4380; x_wconf 90' lang='lat' dir='ltr'>out</span> <span class='ocrx_word' id='word_1_473' title='bbox 903 4332 976 4381; x_wconf 88' lang='lat' dir='ltr'>trees</span> <span class='ocrx_word' id='word_1_474' title='bbox 990 4322 1082 4378; x_wconf 80' lang='lat' dir='ltr'>which</span> <span class='ocrx_word' id='word_1_475' title='bbox 1100 4323 1136 4375; x_wconf 92' lang='lat' dir='ltr'>do</span> <span class='ocrx_word' id='word_1_476' title='bbox 1158 4326 1209 4373; x_wconf 86' lang='lat' dir='ltr'>not</span> 
     </span>
    </p>
   </div>
   <div class='ocr_carea' id='block_1_7' title="bbox 0 0 1466 4906">
    <p class='ocr_par' dir='ltr' id='par_1_9' title="bbox 0 0 1466 4906">
     <span class='ocr_line' id='line_1_46' title="bbox 0 0 1466 4906; baseline 0 0"><span class='ocrx_word' id='word_1_477' title='bbox 0 0 1466 4906; x_wconf 95' lang='lat' dir='ltr'> </span> 
     </span>
    </p>
   </div>
  </div>
 </body>
</html>
