<?xml version="1.0" encoding="UTF-8"?>
<!DOCTYPE html PUBLIC "-//W3C//DTD XHTML 1.0 Transitional//EN"
    "http://www.w3.org/TR/xhtml1/DTD/xhtml1-transitional.dtd">
<html xmlns="http://www.w3.org/1999/xhtml" xml:lang="en" lang="en">
 <head>
  <title>
</title>
<meta http-equiv="Content-Type" content="text/html;charset=utf-8" />
  <meta name='ocr-system' content='tesseract 3.04.00' />
  <meta name='ocr-capabilities' content='ocr_page ocr_carea ocr_par ocr_line ocrx_word'/>
</head>
<body>
  <div class='ocr_page' id='page_1' title='image "./hugonisgrotiide06barbgoog_0019.png"; bbox 0 0 2916 4906; ppageno 0'>
   <div class='ocr_carea' id='block_1_1' title="bbox 188 221 1291 303">
    <p class='ocr_par' dir='ltr' id='par_1_1' title="bbox 188 221 1291 303">
     <span class='ocr_line' id='line_1_1' title="bbox 188 221 1291 303; baseline 0.004 -21"><span class='ocrx_word' id='word_1_1' title='bbox 188 221 209 282; x_wconf 89' lang='lat'><em>8</em></span> <span class='ocrx_word' id='word_1_2' title='bbox 446 231 638 297; x_wconf 78' lang='lat' dir='ltr'><strong>QUANTUM</strong></span> <span class='ocrx_word' id='word_1_3' title='bbox 660 232 703 287; x_wconf 87' lang='lat' dir='ltr'><strong>IN</strong></span> <span class='ocrx_word' id='word_1_4' title='bbox 725 230 850 288; x_wconf 81' lang='lat' dir='ltr'>BELLO</span> <span class='ocrx_word' id='word_1_5' title='bbox 871 231 1018 298; x_wconf 68' lang='lat' dir='ltr'><strong>blenau,</strong></span> <span class='ocrx_word' id='word_1_6' title='bbox 1152 228 1223 303; x_wconf 84' lang='lat' dir='ltr'><strong>[Lm.</strong></span> <span class='ocrx_word' id='word_1_7' title='bbox 1237 234 1291 288; x_wconf 91' lang='lat'><em>111.</em></span> 
     </span>
    </p>
   </div>
   <div class='ocr_carea' id='block_1_2' title="bbox 48 394 1296 881">
    <p class='ocr_par' dir='ltr' id='par_1_2' title="bbox 48 394 1296 881">
     <span class='ocr_line' id='line_1_2' title="bbox 189 394 1295 483; baseline 0.004 -25"><span class='ocrx_word' id='word_1_8' title='bbox 189 394 314 459; x_wconf 89' lang='lat' dir='ltr'><strong>modum</strong></span> <span class='ocrx_word' id='word_1_9' title='bbox 332 416 383 460; x_wconf 84' lang='lat' dir='ltr'><strong>rec</strong></span> <span class='ocrx_word' id='word_1_10' title='bbox 399 416 521 482; x_wconf 91' lang='lat' dir='ltr'><strong>quoque</strong></span> <span class='ocrx_word' id='word_1_11' title='bbox 538 394 604 481; x_wconf 86' lang='lat' dir='ltr'><strong>ejus</strong></span> <span class='ocrx_word' id='word_1_12' title='bbox 620 394 698 483; x_wconf 88' lang='lat' dir='ltr'><strong>capi,</strong></span> <span class='ocrx_word' id='word_1_13' title='bbox 717 403 750 461; x_wconf 92' lang='lat' dir='ltr'><strong>et</strong></span> <span class='ocrx_word' id='word_1_14' title='bbox 766 395 933 461; x_wconf 87' lang='lat' dir='ltr'><strong>dominium</strong></span> <span class='ocrx_word' id='word_1_15' title='bbox 949 417 1056 463; x_wconf 87' lang='lat' dir='ltr'><strong>earum</strong></span> <span class='ocrx_word' id='word_1_16' title='bbox 1074 395 1170 463; x_wconf 86' lang='lat' dir='ltr'><strong>debiti</strong></span> <span class='ocrx_word' id='word_1_17' title='bbox 1187 419 1295 462; x_wconf 79' lang='lat' dir='ltr'><strong>conae-</strong></span> 
     </span>
     <span class='ocr_line' id='line_1_3' title="bbox 189 494 1293 581; baseline 0.002 -22"><span class='ocrx_word' id='word_1_18' title='bbox 189 494 304 580; x_wconf 90' lang='lat' dir='ltr'><strong>quendi</strong></span> <span class='ocrx_word' id='word_1_19' title='bbox 321 516 414 560; x_wconf 86' lang='lat' dir='ltr'><strong>causa</strong></span> <span class='ocrx_word' id='word_1_20' title='bbox 428 495 527 581; x_wconf 80' lang='lat' dir='ltr'><strong>quaeri</strong></span> <span class='ocrx_word' id='word_1_21' title='bbox 544 495 669 581; x_wconf 87' lang='lat' dir='ltr'><strong>poterit.</strong></span> <span class='ocrx_word' id='word_1_22' title='bbox 722 494 757 560; x_wconf 86' lang='lat' dir='ltr'><strong>Si</strong></span> <span class='ocrx_word' id='word_1_23' title='bbox 771 496 917 561; x_wconf 87' lang='lat' dir='ltr'><strong>damnum</strong></span> <span class='ocrx_word' id='word_1_24' title='bbox 935 496 1072 562; x_wconf 87' lang='lat' dir='ltr'><strong>nondum</strong></span> <span class='ocrx_word' id='word_1_25' title='bbox 1089 497 1220 572; x_wconf 90' lang='lat' dir='ltr'><strong>dederit,</strong></span> <span class='ocrx_word' id='word_1_26' title='bbox 1237 497 1293 562; x_wconf 86' lang='lat' dir='ltr'><strong>aed</strong></span> 
     </span>
     <span class='ocr_line' id='line_1_4' title="bbox 48 593 1295 683; baseline 0.002 -25"><span class='ocrx_word' id='word_1_27' title='bbox 48 612 73 651; x_wconf 76' lang='grc' dir='ltr'><strong>ιι</strong></span> <span class='ocrx_word' id='word_1_28' title='bbox 83 612 105 651; x_wconf 77' lang='grc' dir='ltr'>οι</span> <span class='ocrx_word' id='word_1_29' title='bbox 117 612 175 650; x_wconf 64' lang='lat' dir='ltr'><strong>Verc-</strong></span> <span class='ocrx_word' id='word_1_30' title='bbox 191 594 268 660; x_wconf 85' lang='lat' dir='ltr'><strong>dare</strong></span> <span class='ocrx_word' id='word_1_31' title='bbox 285 593 428 672; x_wconf 86' lang='lat' dir='ltr'><strong>voluerit,</strong></span> <span class='ocrx_word' id='word_1_32' title='bbox 447 593 500 681; x_wconf 83' lang='lat' dir='ltr'><strong>jus</strong></span> <span class='ocrx_word' id='word_1_33' title='bbox 517 594 578 659; x_wconf 89' lang='lat' dir='ltr'><strong>erit</strong></span> <span class='ocrx_word' id='word_1_34' title='bbox 593 616 699 659; x_wconf 88' lang='lat' dir='ltr'><strong>rerum</strong></span> <span class='ocrx_word' id='word_1_35' title='bbox 721 594 896 660; x_wconf 88' lang='lat' dir='ltr'><strong>retentione</strong></span> <span class='ocrx_word' id='word_1_36' title='bbox 913 617 983 660; x_wconf 88' lang='lat' dir='ltr'><strong>eum</strong></span> <span class='ocrx_word' id='word_1_37' title='bbox 1006 617 1119 683; x_wconf 88' lang='lat' dir='ltr'><strong>cogere</strong></span> <span class='ocrx_word' id='word_1_38' title='bbox 1135 605 1171 662; x_wconf 90' lang='lat' dir='ltr'><strong>ut</strong></span> <span class='ocrx_word' id='word_1_39' title='bbox 1188 597 1229 662; x_wconf 89' lang='lat' dir='ltr'><strong>de</strong></span> <span class='ocrx_word' id='word_1_40' title='bbox 1246 596 1295 661; x_wconf 88' lang='lat' dir='ltr'><strong>iu·</strong></span> 
     </span>
     <span class='ocr_line' id='line_1_5' title="bbox 48 660 1293 781; baseline 0.001 -22"><span class='ocrx_word' id='word_1_41' title='bbox 48 660 156 744; x_wconf 49' lang='lat' dir='ltr'><strong>lim</strong></span> <span class='ocrx_word' id='word_1_42' title='bbox 190 701 262 760; x_wconf 87' lang='lat' dir='ltr'><strong>turo</strong></span> <span class='ocrx_word' id='word_1_43' title='bbox 288 702 399 759; x_wconf 80' lang='lat' dir='ltr'><strong>caveat</strong></span> <span class='ocrx_word' id='word_1_44' title='bbox 423 693 590 769; x_wconf 81' lang='lat' dir='ltr'><strong>obsidibus,</strong></span> <span class='ocrx_word' id='word_1_45' title='bbox 614 692 804 781; x_wconf 82' lang='lat' dir='ltr'><strong>pignoribus,</strong></span> <span class='ocrx_word' id='word_1_46' title='bbox 831 702 886 760; x_wconf 87' lang='lat' dir='ltr'><strong>aut</strong></span> <span class='ocrx_word' id='word_1_47' title='bbox 910 694 971 760; x_wconf 87' lang='lat' dir='ltr'><strong>alio</strong></span> <span class='ocrx_word' id='word_1_48' title='bbox 994 696 1095 761; x_wconf 90' lang='lat' dir='ltr'><strong>modo.</strong></span> <span class='ocrx_word' id='word_1_49' title='bbox 1149 695 1242 773; x_wconf 81' lang='lat' dir='ltr'><strong>Quod</strong></span> <span class='ocrx_word' id='word_1_50' title='bbox 1266 695 1293 760; x_wconf 88' lang='lat' dir='ltr'><strong>ai</strong></span> 
     </span>
     <span class='ocr_line' id='line_1_6' title="bbox 190 791 1296 881; baseline 0.003 -24"><span class='ocrx_word' id='word_1_51' title='bbox 190 801 347 881; x_wconf 80' lang='lat' dir='ltr'><strong>praeterea</strong></span> <span class='ocrx_word' id='word_1_52' title='bbox 372 792 605 859; x_wconf 81' lang='lat' dir='ltr'><strong>evidentissima</strong></span> <span class='ocrx_word' id='word_1_53' title='bbox 621 791 663 859; x_wconf 84' lang='lat' dir='ltr'><strong>eit</strong></span> <span class='ocrx_word' id='word_1_54' title='bbox 689 791 787 857; x_wconf 86' lang='lat' dir='ltr'><strong>hostia</strong></span> <span class='ocrx_word' id='word_1_55' title='bbox 803 792 865 858; x_wconf 87' lang='lat' dir='ltr'><strong>mei</strong></span> <span class='ocrx_word' id='word_1_56' title='bbox 888 792 922 858; x_wconf 90' lang='lat' dir='ltr'><strong>iu</strong></span> <span class='ocrx_word' id='word_1_57' title='bbox 939 815 988 859; x_wconf 90' lang='lat' dir='ltr'><strong>me</strong></span> <span class='ocrx_word' id='word_1_58' title='bbox 1009 793 1169 881; x_wconf 83' lang='lat' dir='ltr'><strong>injustitia,</strong></span> <span class='ocrx_word' id='word_1_59' title='bbox 1194 802 1226 860; x_wconf 87' lang='lat' dir='ltr'><strong>et</strong></span> <span class='ocrx_word' id='word_1_60' title='bbox 1242 794 1296 860; x_wconf 90' lang='lat' dir='ltr'><strong>ille</strong></span> 
     </span>
    </p>
   </div>
   <div class='ocr_carea' id='block_1_3' title="bbox 191 891 1296 979">
    <p class='ocr_par' dir='ltr' id='par_1_3' title="bbox 191 891 1296 979">
     <span class='ocr_line' id='line_1_7' title="bbox 191 891 1296 979; baseline 0.001 -22"><span class='ocrx_word' id='word_1_61' title='bbox 191 913 262 957; x_wconf 89' lang='lat' dir='ltr'><strong>eum</strong></span> <span class='ocrx_word' id='word_1_62' title='bbox 285 892 415 959; x_wconf 90' lang='lat' dir='ltr'><strong>inbelle</strong></span> <span class='ocrx_word' id='word_1_63' title='bbox 440 891 629 977; x_wconf 79' lang='lat' dir='ltr'><strong>iniquissimo</strong></span> <span class='ocrx_word' id='word_1_64' title='bbox 652 891 823 968; x_wconf 85' lang='lat' dir='ltr'><strong>confirmet,</strong></span> <span class='ocrx_word' id='word_1_65' title='bbox 837 891 904 979; x_wconf 90' lang='lat' dir='ltr'><strong>jam</strong></span> <span class='ocrx_word' id='word_1_66' title='bbox 928 914 991 959; x_wconf 90' lang='lat' dir='ltr'><strong>non</strong></span> <span class='ocrx_word' id='word_1_67' title='bbox 1012 902 1134 960; x_wconf 88' lang='lat' dir='ltr'><strong>tautum</strong></span> <span class='ocrx_word' id='word_1_68' title='bbox 1160 893 1296 960; x_wconf 80' lang='lat' dir='ltr'><strong>civiliter</strong></span> 
     </span>
    </p>
   </div>
   <div class='ocr_carea' id='block_1_4' title="bbox 235 1069 1295 1133">
    <p class='ocr_par' dir='ltr' id='par_1_4' title="bbox 235 1069 1295 1133">
     <span class='ocr_line' id='line_1_8' title="bbox 235 1069 1295 1133; baseline 0.001 -16"><span class='ocrx_word' id='word_1_69' title='bbox 235 1078 247 1105; x_wconf 64' lang='grc' dir='ltr'><strong>θ</strong></span> <span class='ocrx_word' id='word_1_70' title='bbox 261 1070 370 1119; x_wconf 72' lang='lat' dir='ltr'><strong>Publice</strong></span> <span class='ocrx_word' id='word_1_71' title='bbox 378 1072 562 1133; x_wconf 78' lang='lat' dir='ltr'><strong>ripm&#39;jicutionee</strong></span> <span class='ocrx_word' id='word_1_72' title='bbox 569 1069 641 1130; x_wconf 80' lang='lat' dir='ltr'><strong>fleri]</strong></span> <span class='ocrx_word' id='word_1_73' title='bbox 657 1069 720 1117; x_wconf 84' lang='lat' dir='ltr'><strong>Vide</strong></span> <span class='ocrx_word' id='word_1_74' title='bbox 770 1071 882 1131; x_wconf 74' lang='lat' dir='ltr'><strong>deinceps</strong></span> <span class='ocrx_word' id='word_1_75' title='bbox 891 1070 998 1118; x_wconf 84' lang='lat' dir='ltr'><strong>habitum</strong></span> <span class='ocrx_word' id='word_1_76' title='bbox 1009 1074 1053 1118; x_wconf 83' lang='lat' dir='ltr'><strong>eet.</strong></span> <span class='ocrx_word' id='word_1_77' title='bbox 1076 1070 1115 1118; x_wconf 80' lang='lat' dir='ltr'><strong>Sic</strong></span> <span class='ocrx_word' id='word_1_78' title='bbox 1124 1074 1150 1118; x_wconf 92' lang='lat' dir='ltr'><strong>et</strong></span> <span class='ocrx_word' id='word_1_79' title='bbox 1156 1070 1242 1117; x_wconf 82' lang='lat' dir='ltr'><strong>Denire</strong></span> <span class='ocrx_word' id='word_1_80' title='bbox 1252 1085 1295 1119; x_wconf 87' lang='lat' dir='ltr'><strong>rex</strong></span> 
     </span>
    </p>
   </div>
   <div class='ocr_carea' id='block_1_5' title="bbox 191 1144 726 3068">
    <p class='ocr_par' dir='ltr' id='par_1_5' title="bbox 191 1144 726 3068">
     <span class='ocr_line' id='line_1_9' title="bbox 191 1144 720 1205; baseline -0.006 -13"><span class='ocrx_word' id='word_1_81' title='bbox 191 1147 331 1205; x_wconf 74' lang='lat' dir='ltr'><strong>exemplato</strong></span> <span class='ocrx_word' id='word_1_82' title='bbox 338 1147 402 1194; x_wconf 88' lang='lat' dir='ltr'><strong>bello</strong></span> <span class='ocrx_word' id='word_1_83' title='bbox 409 1146 529 1193; x_wconf 90' lang='lat' dir='ltr'><strong>communi</strong></span> <span class='ocrx_word' id='word_1_84' title='bbox 535 1144 720 1204; x_wconf 79' lang='lat' dir='ltr'><strong>eontraAEgyp-</strong></span> 
     </span>
     <span class='ocr_line' id='line_1_10' title="bbox 191 1220 719 1281; baseline -0.006 -13"><span class='ocrx_word' id='word_1_85' title='bbox 191 1223 248 1277; x_wconf 85' lang='lat' dir='ltr'><strong>tier,</strong></span> <span class='ocrx_word' id='word_1_86' title='bbox 253 1224 390 1279; x_wconf 84' lang='lat' dir='ltr'><strong>Saraeenoe,</strong></span> <span class='ocrx_word' id='word_1_87' title='bbox 395 1223 510 1281; x_wconf 73' lang='lat' dir='ltr'><strong>aliosque,</strong></span> <span class='ocrx_word' id='word_1_88' title='bbox 514 1235 535 1268; x_wconf 91' lang='lat' dir='ltr'><strong>e.</strong></span> <span class='ocrx_word' id='word_1_89' title='bbox 541 1221 586 1266; x_wconf 86' lang='lat' dir='ltr'><strong>ult.</strong></span> <span class='ocrx_word' id='word_1_90' title='bbox 595 1220 624 1266; x_wconf 75' lang='lat' dir='ltr'><strong>de</strong></span> <span class='ocrx_word' id='word_1_91' title='bbox 630 1221 719 1266; x_wconf 69' lang='lat' dir='ltr'><strong>ibane-</strong></span> 
     </span>
     <span class='ocr_line' id='line_1_11' title="bbox 192 1293 718 1355; baseline -0.002 -13"><span class='ocrx_word' id='word_1_92' title='bbox 192 1297 330 1354; x_wconf 70' lang='lat' dir='ltr'><strong>actionibus,</strong></span> <span class='ocrx_word' id='word_1_93' title='bbox 341 1310 361 1342; x_wconf 92' lang='lat' dir='ltr'><strong>c.</strong></span> <span class='ocrx_word' id='word_1_94' title='bbox 372 1295 524 1355; x_wconf 74' lang='lat' dir='ltr'><strong>significarit,</strong></span> <span class='ocrx_word' id='word_1_95' title='bbox 536 1307 565 1342; x_wconf 87' lang='lat'><strong>11.</strong></span> <span class='ocrx_word' id='word_1_96' title='bbox 577 1294 606 1340; x_wconf 82' lang='lat' dir='ltr'><strong>de</strong></span> <span class='ocrx_word' id='word_1_97' title='bbox 615 1293 718 1341; x_wconf 78' lang='lat' dir='ltr'><strong>Judoeie.</strong></span> 
     </span>
     <span class='ocr_line' id='line_1_12' title="bbox 192 1367 717 1428; baseline -0.002 -14"><span class='ocrx_word' id='word_1_98' title='bbox 192 1370 371 1428; x_wconf 73' lang='lat' dir='ltr'><strong>Extrangante</strong></span> <span class='ocrx_word' id='word_1_99' title='bbox 382 1367 411 1414; x_wconf 84' lang='lat' dir='ltr'><strong>de</strong></span> <span class='ocrx_word' id='word_1_100' title='bbox 420 1367 523 1426; x_wconf 67' lang='lat' dir='ltr'><strong>ledeia,</strong></span> <span class='ocrx_word' id='word_1_101' title='bbox 538 1382 561 1416; x_wconf 85' lang='lat' dir='ltr'><strong>c.</strong></span> <span class='ocrx_word' id='word_1_102' title='bbox 571 1367 688 1428; x_wconf 84' lang='lat' dir='ltr'><strong>copioeue,</strong></span> <span class='ocrx_word' id='word_1_103' title='bbox 699 1380 717 1413; x_wconf 86' lang='grc' dir='ltr'><strong>ι.</strong></span> 
     </span>
     <span class='ocr_line' id='line_1_13' title="bbox 192 1442 719 1490; baseline -0.004 0"><span class='ocrx_word' id='word_1_104' title='bbox 192 1443 266 1490; x_wconf 84' lang='lat' dir='ltr'><strong>Liber</strong></span> <span class='ocrx_word' id='word_1_105' title='bbox 281 1442 423 1490; x_wconf 80' lang='lat' dir='ltr'><strong>Coneuiatua</strong></span> <span class='ocrx_word' id='word_1_106' title='bbox 437 1444 513 1489; x_wconf 78' lang='lat' dir='ltr'><strong>marie</strong></span> <span class='ocrx_word' id='word_1_107' title='bbox 530 1443 608 1490; x_wconf 85' lang='lat' dir='ltr'><strong>editua</strong></span> <span class='ocrx_word' id='word_1_108' title='bbox 621 1447 659 1489; x_wconf 87' lang='lat' dir='ltr'><strong>eet</strong></span> <span class='ocrx_word' id='word_1_109' title='bbox 672 1443 719 1488; x_wconf 91' lang='lat' dir='ltr'><strong>llu-</strong></span> 
     </span>
     <span class='ocr_line' id='line_1_14' title="bbox 192 1508 719 1580; baseline -0.002 -16"><span class='ocrx_word' id='word_1_110' title='bbox 192 1533 242 1580; x_wconf 90' lang='lat' dir='ltr'><strong>gua</strong></span> <span class='ocrx_word' id='word_1_111' title='bbox 257 1519 349 1577; x_wconf 77' lang='lat' dir='ltr'><strong>Italica,</strong></span> <span class='ocrx_word' id='word_1_112' title='bbox 364 1519 390 1564; x_wconf 89' lang='lat' dir='ltr'><strong>ln</strong></span> <span class='ocrx_word' id='word_1_113' title='bbox 406 1532 478 1578; x_wconf 89' lang='lat' dir='ltr'><strong>quem</strong></span> <span class='ocrx_word' id='word_1_114' title='bbox 493 1508 576 1565; x_wconf 72' lang='lat' dir='ltr'><strong>relatae</strong></span> <span class='ocrx_word' id='word_1_115' title='bbox 591 1523 648 1564; x_wconf 82' lang='lat' dir='ltr'><strong>eunt</strong></span> <span class='ocrx_word' id='word_1_116' title='bbox 662 1531 719 1564; x_wconf 89' lang='lat' dir='ltr'><strong>con-</strong></span> 
     </span>
     <span class='ocr_line' id='line_1_15' title="bbox 193 1593 721 1654; baseline -0.006 -14"><span class='ocrx_word' id='word_1_117' title='bbox 193 1594 331 1641; x_wconf 80' lang='lat' dir='ltr'><strong>etimtionee</strong></span> <span class='ocrx_word' id='word_1_118' title='bbox 347 1594 523 1654; x_wconf 75' lang='lat' dir='ltr'><strong>Imperatorum</strong></span> <span class='ocrx_word' id='word_1_119' title='bbox 537 1593 645 1650; x_wconf 68' lang='lat' dir='ltr'><strong>Graeciae,</strong></span> <span class='ocrx_word' id='word_1_120' title='bbox 661 1594 721 1639; x_wconf 82' lang='lat' dir='ltr'><strong>Ale.</strong></span> 
     </span>
     <span class='ocr_line' id='line_1_16' title="bbox 193 1668 719 1730; baseline -0.006 -14"><span class='ocrx_word' id='word_1_121' title='bbox 193 1670 286 1727; x_wconf 79' lang='lat' dir='ltr'><strong>maniae,</strong></span> <span class='ocrx_word' id='word_1_122' title='bbox 307 1683 392 1730; x_wconf 87' lang='lat' dir='ltr'><strong>regum</strong></span> <span class='ocrx_word' id='word_1_123' title='bbox 412 1669 568 1726; x_wconf 76' lang='lat' dir='ltr'><strong>Francorum,</strong></span> <span class='ocrx_word' id='word_1_124' title='bbox 589 1668 719 1728; x_wconf 72' lang='lat' dir='ltr'><strong>Hispanico,</strong></span> 
     </span>
     <span class='ocr_line' id='line_1_17' title="bbox 194 1742 721 1805; baseline -0.006 -14"><span class='ocrx_word' id='word_1_125' title='bbox 194 1745 275 1805; x_wconf 71' lang='lat' dir='ltr'><strong>syrie,</strong></span> <span class='ocrx_word' id='word_1_126' title='bbox 297 1742 379 1805; x_wconf 72' lang='lat' dir='ltr'><strong>Cypri,</strong></span> <span class='ocrx_word' id='word_1_127' title='bbox 398 1742 542 1800; x_wconf 79' lang='lat' dir='ltr'><strong>Belearlum,</strong></span> <span class='ocrx_word' id='word_1_128' title='bbox 563 1743 721 1800; x_wconf 74' lang='lat' dir='ltr'><strong>Venetorum,</strong></span> 
     </span>
     <span class='ocr_line' id='line_1_18' title="bbox 195 1817 721 1879; baseline -0.002 -14"><span class='ocrx_word' id='word_1_129' title='bbox 195 1819 367 1874; x_wconf 71' lang='lat' dir='ltr'><strong>(irruendum,</strong></span> <span class='ocrx_word' id='word_1_130' title='bbox 375 1818 443 1879; x_wconf 67' lang='lat' dir='ltr'><strong>cuiue</strong></span> <span class='ocrx_word' id='word_1_131' title='bbox 452 1817 508 1864; x_wconf 91' lang='lat' dir='ltr'><strong>libri</strong></span> <span class='ocrx_word' id='word_1_132' title='bbox 518 1817 590 1864; x_wconf 89' lang='lat' dir='ltr'><strong>titulo</strong></span> <span class='ocrx_word' id='word_1_133' title='bbox 597 1829 721 1864; x_wconf 48' lang='lat' dir='ltr'><strong>ccclxxrv.</strong></span> 
     </span>
     <span class='ocr_line' id='line_1_19' title="bbox 193 1892 721 1954; baseline -0.006 -13"><span class='ocrx_word' id='word_1_134' title='bbox 193 1897 331 1941; x_wconf 69' lang='lat' dir='ltr'><strong>tractantur</strong></span> <span class='ocrx_word' id='word_1_135' title='bbox 346 1893 418 1953; x_wconf 77' lang='lat' dir='ltr'><strong>buJua</strong></span> <span class='ocrx_word' id='word_1_136' title='bbox 430 1893 527 1954; x_wconf 71' lang='lat' dir='ltr'><strong>generi·</strong></span> <span class='ocrx_word' id='word_1_137' title='bbox 540 1892 721 1939; x_wconf 74' lang='lat' dir='ltr'><strong>controversie:</strong></span> 
     </span>
     <span class='ocr_line' id='line_1_20' title="bbox 195 1967 723 2026; baseline 0 -12"><span class='ocrx_word' id='word_1_138' title='bbox 195 1982 224 2014; x_wconf 82' lang='lat' dir='ltr'><strong>uc</strong></span> <span class='ocrx_word' id='word_1_139' title='bbox 239 1969 273 2014; x_wconf 85' lang='lat' dir='ltr'><strong>eie</strong></span> <span class='ocrx_word' id='word_1_140' title='bbox 289 1967 409 2026; x_wconf 75' lang='lat' dir='ltr'><strong>definitur,</strong></span> <span class='ocrx_word' id='word_1_141' title='bbox 430 1968 450 2013; x_wconf 85' lang='lat' dir='ltr'><strong>ei</strong></span> <span class='ocrx_word' id='word_1_142' title='bbox 466 1970 491 2014; x_wconf 91' lang='lat' dir='ltr'><strong>et</strong></span> <span class='ocrx_word' id='word_1_143' title='bbox 505 1968 571 2014; x_wconf 81' lang='lat' dir='ltr'><strong>navia</strong></span> <span class='ocrx_word' id='word_1_144' title='bbox 589 1972 614 2014; x_wconf 92' lang='lat' dir='ltr'><strong>et</strong></span> <span class='ocrx_word' id='word_1_145' title='bbox 631 1981 723 2014; x_wconf 78' lang='lat' dir='ltr'><strong>mercer</strong></span> 
     </span>
     <span class='ocr_line' id='line_1_21' title="bbox 196 2041 722 2102; baseline -0.004 -14"><span class='ocrx_word' id='word_1_146' title='bbox 196 2043 299 2089; x_wconf 83' lang='lat' dir='ltr'><strong>boatium</strong></span> <span class='ocrx_word' id='word_1_147' title='bbox 315 2043 372 2101; x_wconf 85' lang='lat' dir='ltr'><strong>aiut,</strong></span> <span class='ocrx_word' id='word_1_148' title='bbox 388 2056 438 2089; x_wconf 89' lang='lat' dir='ltr'><strong>rem</strong></span> <span class='ocrx_word' id='word_1_149' title='bbox 454 2056 506 2089; x_wconf 78' lang='lat' dir='ltr'><strong>aare</strong></span> <span class='ocrx_word' id='word_1_150' title='bbox 520 2041 545 2088; x_wconf 91' lang='lat' dir='ltr'><strong>in</strong></span> <span class='ocrx_word' id='word_1_151' title='bbox 561 2047 653 2102; x_wconf 84' lang='lat' dir='ltr'><strong>aperto,</strong></span> <span class='ocrx_word' id='word_1_152' title='bbox 671 2041 722 2088; x_wconf 83' lang='lat' dir='ltr'><strong>fleri</strong></span> 
     </span>
     <span class='ocr_line' id='line_1_22' title="bbox 195 2116 722 2177; baseline -0.008 -13"><span class='ocrx_word' id='word_1_153' title='bbox 195 2132 225 2164; x_wconf 87' lang='lat' dir='ltr'><strong>ea</strong></span> <span class='ocrx_word' id='word_1_154' title='bbox 240 2116 398 2177; x_wconf 86' lang='lat' dir='ltr'><strong>capientium:</strong></span> <span class='ocrx_word' id='word_1_155' title='bbox 414 2117 500 2163; x_wconf 80' lang='lat' dir='ltr'><strong>civero</strong></span> <span class='ocrx_word' id='word_1_156' title='bbox 515 2117 582 2162; x_wconf 79' lang='lat' dir='ltr'><strong>narie</strong></span> <span class='ocrx_word' id='word_1_157' title='bbox 592 2116 624 2162; x_wconf 81' lang='lat' dir='ltr'><strong>alt</strong></span> <span class='ocrx_word' id='word_1_158' title='bbox 638 2128 722 2176; x_wconf 86' lang='lat' dir='ltr'><strong>pacem</strong></span> 
     </span>
     <span class='ocr_line' id='line_1_23' title="bbox 196 2187 723 2246; baseline -0.006 -11"><span class='ocrx_word' id='word_1_159' title='bbox 196 2188 333 2245; x_wconf 88' lang='lat' dir='ltr'><strong>colentium,</strong></span> <span class='ocrx_word' id='word_1_160' title='bbox 348 2201 440 2234; x_wconf 82' lang='lat' dir='ltr'><strong>mercer</strong></span> <span class='ocrx_word' id='word_1_161' title='bbox 449 2192 531 2234; x_wconf 89' lang='lat' dir='ltr'><strong>autem</strong></span> <span class='ocrx_word' id='word_1_162' title='bbox 541 2187 655 2244; x_wconf 85' lang='lat' dir='ltr'><strong>hortium,</strong></span> <span class='ocrx_word' id='word_1_163' title='bbox 668 2187 723 2246; x_wconf 91' lang='lat' dir='ltr'><strong>cogl</strong></span> 
     </span>
     <span class='ocr_line' id='line_1_24' title="bbox 195 2262 723 2324; baseline -0.006 -15"><span class='ocrx_word' id='word_1_164' title='bbox 195 2277 267 2324; x_wconf 78' lang='lat' dir='ltr'><strong>poree</strong></span> <span class='ocrx_word' id='word_1_165' title='bbox 277 2264 308 2309; x_wconf 82' lang='lat' dir='ltr'><strong>ab</strong></span> <span class='ocrx_word' id='word_1_166' title='bbox 318 2263 354 2308; x_wconf 85' lang='lat' dir='ltr'><strong>hie</strong></span> <span class='ocrx_word' id='word_1_167' title='bbox 365 2263 406 2324; x_wconf 89' lang='lat' dir='ltr'><strong>qui</strong></span> <span class='ocrx_word' id='word_1_168' title='bbox 418 2262 509 2309; x_wconf 86' lang='lat' dir='ltr'><strong>bellum</strong></span> <span class='ocrx_word' id='word_1_169' title='bbox 519 2266 614 2322; x_wconf 88' lang='lat' dir='ltr'><strong>gerant,</strong></span> <span class='ocrx_word' id='word_1_170' title='bbox 628 2273 723 2319; x_wconf 83' lang='lat' dir='ltr'><strong>navem,</strong></span> 
     </span>
     <span class='ocr_line' id='line_1_25' title="bbox 197 2336 723 2397; baseline -0.002 -14"><span class='ocrx_word' id='word_1_171' title='bbox 197 2342 226 2383; x_wconf 90' lang='lat' dir='ltr'><strong>ut</strong></span> <span class='ocrx_word' id='word_1_172' title='bbox 239 2350 330 2383; x_wconf 74' lang='lat' dir='ltr'><strong>merces</strong></span> <span class='ocrx_word' id='word_1_173' title='bbox 340 2351 380 2382; x_wconf 86' lang='lat' dir='ltr'><strong>eae</strong></span> <span class='ocrx_word' id='word_1_174' title='bbox 395 2337 420 2383; x_wconf 86' lang='lat' dir='ltr'><strong>in</strong></span> <span class='ocrx_word' id='word_1_175' title='bbox 435 2336 539 2397; x_wconf 82' lang='lat' dir='ltr'><strong>aliquem</strong></span> <span class='ocrx_word' id='word_1_176' title='bbox 550 2341 647 2396; x_wconf 90' lang='lat' dir='ltr'><strong>portum</strong></span> <span class='ocrx_word' id='word_1_177' title='bbox 657 2336 723 2382; x_wconf 84' lang='lat' dir='ltr'><strong>deie-</strong></span> 
     </span>
     <span class='ocr_line' id='line_1_26' title="bbox 196 2411 723 2471; baseline -0.004 -14"><span class='ocrx_word' id='word_1_178' title='bbox 196 2415 243 2468; x_wconf 86' lang='lat' dir='ltr'><strong>rat,</strong></span> <span class='ocrx_word' id='word_1_179' title='bbox 258 2411 342 2470; x_wconf 82' lang='lat' dir='ltr'><strong>quirit</strong></span> <span class='ocrx_word' id='word_1_180' title='bbox 357 2425 453 2457; x_wconf 81' lang='lat' dir='ltr'><strong>auarum</strong></span> <span class='ocrx_word' id='word_1_181' title='bbox 466 2413 580 2471; x_wconf 83' lang='lat' dir='ltr'><strong>partium,</strong></span> <span class='ocrx_word' id='word_1_182' title='bbox 593 2411 629 2456; x_wconf 90' lang='lat' dir='ltr'><strong>ita</strong></span> <span class='ocrx_word' id='word_1_183' title='bbox 642 2415 723 2457; x_wconf 87' lang='lat' dir='ltr'><strong>tamen</strong></span> 
     </span>
     <span class='ocr_line' id='line_1_27' title="bbox 197 2485 724 2546; baseline 0 -15"><span class='ocrx_word' id='word_1_184' title='bbox 197 2491 226 2532; x_wconf 87' lang='lat' dir='ltr'><strong>ut</strong></span> <span class='ocrx_word' id='word_1_185' title='bbox 235 2489 339 2532; x_wconf 79' lang='lat' dir='ltr'><strong>vecturae</strong></span> <span class='ocrx_word' id='word_1_186' title='bbox 349 2485 453 2546; x_wconf 89' lang='lat' dir='ltr'><strong>pretium</strong></span> <span class='ocrx_word' id='word_1_187' title='bbox 462 2490 542 2531; x_wconf 72' lang='lat' dir='ltr'><strong>nautae</strong></span> <span class='ocrx_word' id='word_1_188' title='bbox 556 2486 670 2532; x_wconf 75' lang='lat' dir='ltr'><strong>solvatur.</strong></span> <span class='ocrx_word' id='word_1_189' title='bbox 699 2485 724 2531; x_wconf 83' lang='lat' dir='ltr'><strong>si</strong></span> 
     </span>
     <span class='ocr_line' id='line_1_28' title="bbox 197 2561 724 2618; baseline 0 -11"><span class='ocrx_word' id='word_1_190' title='bbox 197 2566 282 2607; x_wconf 83' lang='lat' dir='ltr'><strong>contra</strong></span> <span class='ocrx_word' id='word_1_191' title='bbox 292 2561 358 2607; x_wconf 81' lang='lat' dir='ltr'><strong>narie</strong></span> <span class='ocrx_word' id='word_1_192' title='bbox 368 2561 462 2607; x_wconf 74' lang='lat' dir='ltr'><strong>hostilia</strong></span> <span class='ocrx_word' id='word_1_193' title='bbox 472 2561 552 2618; x_wconf 79' lang='lat' dir='ltr'><strong>tuerit,</strong></span> <span class='ocrx_word' id='word_1_194' title='bbox 567 2575 658 2608; x_wconf 74' lang='lat' dir='ltr'><strong>merces</strong></span> <span class='ocrx_word' id='word_1_195' title='bbox 668 2575 724 2607; x_wconf 84' lang='lat' dir='ltr'><strong>vero</strong></span> 
     </span>
     <span class='ocr_line' id='line_1_29' title="bbox 197 2636 724 2698; baseline 0.004 -17"><span class='ocrx_word' id='word_1_196' title='bbox 197 2637 308 2693; x_wconf 89' lang='lat' dir='ltr'><strong>aliorum,</strong></span> <span class='ocrx_word' id='word_1_197' title='bbox 319 2637 349 2682; x_wconf 91' lang='lat' dir='ltr'><strong>de</strong></span> <span class='ocrx_word' id='word_1_198' title='bbox 359 2650 419 2682; x_wconf 84' lang='lat' dir='ltr'><strong>nave</strong></span> <span class='ocrx_word' id='word_1_199' title='bbox 429 2636 610 2698; x_wconf 76' lang='lat' dir='ltr'><strong>transigendum</strong></span> <span class='ocrx_word' id='word_1_200' title='bbox 621 2653 627 2683; x_wconf 82' lang='lat' dir='ltr'><strong><em>z</em></strong></span> <span class='ocrx_word' id='word_1_201' title='bbox 641 2640 692 2693; x_wconf 82' lang='lat' dir='ltr'><strong>aut,</strong></span> <span class='ocrx_word' id='word_1_202' title='bbox 704 2636 724 2682; x_wconf 84' lang='lat' dir='ltr'><strong>ai</strong></span> 
     </span>
     <span class='ocr_line' id='line_1_30' title="bbox 198 2711 725 2772; baseline 0.006 -17"><span class='ocrx_word' id='word_1_203' title='bbox 198 2711 277 2757; x_wconf 88' lang='lat' dir='ltr'><strong>nolint</strong></span> <span class='ocrx_word' id='word_1_204' title='bbox 287 2715 395 2757; x_wconf 82' lang='lat' dir='ltr'><strong>vectoree</strong></span> <span class='ocrx_word' id='word_1_205' title='bbox 406 2711 547 2770; x_wconf 71' lang='lat' dir='ltr'><strong>transigere,</strong></span> <span class='ocrx_word' id='word_1_206' title='bbox 562 2712 683 2772; x_wconf 72' lang='lat' dir='ltr'><strong>cogendos</strong></span> <span class='ocrx_word' id='word_1_207' title='bbox 697 2716 725 2758; x_wconf 90' lang='lat' dir='ltr'><strong>ut</strong></span> 
     </span>
     <span class='ocr_line' id='line_1_31' title="bbox 199 2784 725 2846; baseline -0.011 -14"><span class='ocrx_word' id='word_1_208' title='bbox 199 2799 252 2832; x_wconf 91' lang='lat' dir='ltr'><strong>cum</strong></span> <span class='ocrx_word' id='word_1_209' title='bbox 264 2784 318 2830; x_wconf 82' lang='lat' dir='ltr'><strong>navi</strong></span> <span class='ocrx_word' id='word_1_210' title='bbox 333 2790 388 2831; x_wconf 88' lang='lat' dir='ltr'><strong>eant</strong></span> <span class='ocrx_word' id='word_1_211' title='bbox 403 2785 427 2830; x_wconf 88' lang='lat' dir='ltr'><strong>in</strong></span> <span class='ocrx_word' id='word_1_212' title='bbox 441 2789 538 2844; x_wconf 90' lang='lat' dir='ltr'><strong>portum</strong></span> <span class='ocrx_word' id='word_1_213' title='bbox 554 2785 659 2845; x_wconf 81' lang='lat' dir='ltr'><strong>aliquem</strong></span> <span class='ocrx_word' id='word_1_214' title='bbox 669 2800 725 2846; x_wconf 77' lang='lat' dir='ltr'><strong>par.</strong></span> 
     </span>
     <span class='ocr_line' id='line_1_32' title="bbox 199 2858 726 2919; baseline 0 -12"><span class='ocrx_word' id='word_1_215' title='bbox 199 2861 259 2907; x_wconf 86' lang='lat' dir='ltr'><strong>tium</strong></span> <span class='ocrx_word' id='word_1_216' title='bbox 274 2860 398 2919; x_wconf 83' lang='lat' dir='ltr'><strong>capientia,</strong></span> <span class='ocrx_word' id='word_1_217' title='bbox 420 2863 446 2905; x_wconf 91' lang='lat' dir='ltr'><strong>et</strong></span> <span class='ocrx_word' id='word_1_218' title='bbox 460 2863 489 2904; x_wconf 93' lang='lat' dir='ltr'><strong>ut</strong></span> <span class='ocrx_word' id='word_1_219' title='bbox 507 2858 611 2917; x_wconf 87' lang='lat' dir='ltr'><strong>capienti</strong></span> <span class='ocrx_word' id='word_1_220' title='bbox 631 2860 726 2907; x_wconf 71' lang='lat' dir='ltr'><strong>solvant</strong></span> 
     </span>
     <span class='ocr_line' id='line_1_33' title="bbox 199 2931 726 2993; baseline 0.002 -15"><span class='ocrx_word' id='word_1_221' title='bbox 199 2934 303 2993; x_wconf 85' lang='lat' dir='ltr'><strong>pretium</strong></span> <span class='ocrx_word' id='word_1_222' title='bbox 318 2933 382 2991; x_wconf 91' lang='lat' dir='ltr'><strong>quod</strong></span> <span class='ocrx_word' id='word_1_223' title='bbox 393 2945 438 2991; x_wconf 92' lang='lat' dir='ltr'><strong>pro</strong></span> <span class='ocrx_word' id='word_1_224' title='bbox 448 2931 515 2976; x_wconf 83' lang='lat' dir='ltr'><strong>navia</strong></span> <span class='ocrx_word' id='word_1_225' title='bbox 529 2945 574 2976; x_wconf 83' lang='lat' dir='ltr'><strong>nau</strong></span> <span class='ocrx_word' id='word_1_226' title='bbox 585 2931 726 2979; x_wconf 87' lang='lat' dir='ltr'><strong>debebatur.</strong></span> 
     </span>
     <span class='ocr_line' id='line_1_34' title="bbox 199 3005 726 3068; baseline -0.002 -13"><span class='ocrx_word' id='word_1_227' title='bbox 199 3005 726 3068; x_wconf 77' lang='lat' dir='ltr'><strong>ApudBollandoranuoclecccexxxmu.</strong></span> 
     </span>
    </p>
   </div>
   <div class='ocr_carea' id='block_1_6' title="bbox 767 1144 1302 3070">
    <p class='ocr_par' dir='ltr' id='par_1_6' title="bbox 767 1144 1302 3070">
     <span class='ocr_line' id='line_1_35' title="bbox 769 1144 1295 1201; baseline -0.002 -10"><span class='ocrx_word' id='word_1_228' title='bbox 769 1145 852 1201; x_wconf 74' lang='lat' dir='ltr'><strong>cenail,</strong></span> <span class='ocrx_word' id='word_1_229' title='bbox 861 1159 915 1191; x_wconf 89' lang='lat' dir='ltr'><strong>eum</strong></span> <span class='ocrx_word' id='word_1_230' title='bbox 925 1158 988 1190; x_wconf 88' lang='lat' dir='ltr'><strong>auno</strong></span> <span class='ocrx_word' id='word_1_231' title='bbox 1003 1145 1049 1191; x_wconf 89' lang='lat' dir='ltr'><strong>clo</strong></span> <span class='ocrx_word' id='word_1_232' title='bbox 1057 1146 1086 1191; x_wconf 87' lang='lat' dir='ltr'><strong>le</strong></span> <span class='ocrx_word' id='word_1_233' title='bbox 1094 1157 1178 1192; x_wconf 81' lang='lat' dir='ltr'><strong>xovn.</strong></span> <span class='ocrx_word' id='word_1_234' title='bbox 1192 1146 1223 1190; x_wconf 84' lang='lat' dir='ltr'><strong>ad</strong></span> <span class='ocrx_word' id='word_1_235' title='bbox 1234 1144 1295 1190; x_wconf 73' lang='lat' dir='ltr'><strong>liel-</strong></span> 
     </span>
     <span class='ocr_line' id='line_1_36' title="bbox 767 1217 1294 1279; baseline 0.002 -16"><span class='ocrx_word' id='word_1_236' title='bbox 767 1217 855 1264; x_wconf 85' lang='lat' dir='ltr'><strong>lendoe</strong></span> <span class='ocrx_word' id='word_1_237' title='bbox 869 1232 999 1278; x_wconf 87' lang='lat' dir='ltr'><strong>eorumque</strong></span> <span class='ocrx_word' id='word_1_238' title='bbox 1013 1219 1134 1265; x_wconf 84' lang='lat' dir='ltr'><strong>iederatoe</strong></span> <span class='ocrx_word' id='word_1_239' title='bbox 1148 1218 1294 1279; x_wconf 74' lang='lat' dir='ltr'><strong>legationem</strong></span> 
     </span>
     <span class='ocr_line' id='line_1_37' title="bbox 768 1292 1295 1353; baseline -0.002 -15"><span class='ocrx_word' id='word_1_240' title='bbox 768 1293 940 1352; x_wconf 71' lang='lat' dir='ltr'><strong>mitteretque</strong></span> <span class='ocrx_word' id='word_1_241' title='bbox 949 1293 1083 1339; x_wconf 83' lang='lat' dir='ltr'><strong>libertatem</strong></span> <span class='ocrx_word' id='word_1_242' title='bbox 1096 1292 1224 1353; x_wconf 78' lang='lat' dir='ltr'><strong>navigandi</strong></span> <span class='ocrx_word' id='word_1_243' title='bbox 1231 1305 1295 1339; x_wconf 89' lang='lat' dir='ltr'><strong>mer·</strong></span> 
     </span>
     <span class='ocr_line' id='line_1_38' title="bbox 769 1367 1295 1427; baseline 0 -15"><span class='ocrx_word' id='word_1_244' title='bbox 769 1380 857 1427; x_wconf 83' lang='lat' dir='ltr'><strong>cacque</strong></span> <span class='ocrx_word' id='word_1_245' title='bbox 870 1367 963 1414; x_wconf 80' lang='lat' dir='ltr'><strong>terendi</strong></span> <span class='ocrx_word' id='word_1_246' title='bbox 978 1367 1002 1413; x_wconf 86' lang='lat' dir='ltr'><strong>iu</strong></span> <span class='ocrx_word' id='word_1_247' title='bbox 1013 1367 1161 1427; x_wconf 83' lang='lat' dir='ltr'><strong>lliapaniam,</strong></span> <span class='ocrx_word' id='word_1_248' title='bbox 1177 1380 1231 1413; x_wconf 92' lang='lat' dir='ltr'><strong>cum</strong></span> <span class='ocrx_word' id='word_1_249' title='bbox 1247 1380 1295 1426; x_wconf 79' lang='lat' dir='ltr'><strong>que</strong></span> 
     </span>
     <span class='ocr_line' id='line_1_39' title="bbox 769 1441 1295 1503; baseline 0 -15"><span class='ocrx_word' id='word_1_250' title='bbox 769 1441 885 1488; x_wconf 83' lang='lat' dir='ltr'><strong>llollandi</strong></span> <span class='ocrx_word' id='word_1_251' title='bbox 902 1442 993 1489; x_wconf 89' lang='lat' dir='ltr'><strong>beilum</strong></span> <span class='ocrx_word' id='word_1_252' title='bbox 1013 1443 1130 1503; x_wconf 77' lang='lat' dir='ltr'><strong>gerebant</strong></span> <span class='ocrx_word' id='word_1_253' title='bbox 1146 1443 1295 1499; x_wconf 85' lang='lat' dir='ltr'><strong>acerrimum,</strong></span> 
     </span>
     <span class='ocr_line' id='line_1_40' title="bbox 768 1516 1297 1577; baseline 0.004 -15"><span class='ocrx_word' id='word_1_254' title='bbox 768 1516 818 1562; x_wconf 81' lang='lat' dir='ltr'><strong>auia</strong></span> <span class='ocrx_word' id='word_1_255' title='bbox 832 1517 976 1564; x_wconf 80' lang='lat' dir='ltr'><strong>vindicabat.</strong></span> <span class='ocrx_word' id='word_1_256' title='bbox 1005 1518 1080 1577; x_wconf 79' lang='lat' dir='ltr'><strong>Apud</strong></span> <span class='ocrx_word' id='word_1_257' title='bbox 1097 1517 1180 1564; x_wconf 84' lang='lat' dir='ltr'><strong>Galloe</strong></span> <span class='ocrx_word' id='word_1_258' title='bbox 1197 1518 1297 1564; x_wconf 82' lang='lat' dir='ltr'><strong>libertae</strong></span> 
     </span>
     <span class='ocr_line' id='line_1_41' title="bbox 770 1592 1296 1654; baseline 0.008 -18"><span class='ocrx_word' id='word_1_259' title='bbox 770 1596 928 1637; x_wconf 84' lang='lat' dir='ltr'><strong>mercaturam</strong></span> <span class='ocrx_word' id='word_1_260' title='bbox 944 1592 1070 1638; x_wconf 87' lang='lat' dir='ltr'><strong>exercendi</strong></span> <span class='ocrx_word' id='word_1_261' title='bbox 1086 1592 1178 1652; x_wconf 77' lang='lat' dir='ltr'><strong>puertia</strong></span> <span class='ocrx_word' id='word_1_262' title='bbox 1192 1593 1296 1654; x_wconf 69' lang='lat' dir='ltr'><strong>populis,</strong></span> 
     </span>
     <span class='ocr_line' id='line_1_42' title="bbox 769 1665 1297 1727; baseline 0.008 -15"><span class='ocrx_word' id='word_1_263' title='bbox 769 1665 842 1712; x_wconf 83' lang='lat' dir='ltr'><strong>etiam</strong></span> <span class='ocrx_word' id='word_1_264' title='bbox 851 1666 916 1726; x_wconf 87' lang='lat' dir='ltr'><strong>apud</strong></span> <span class='ocrx_word' id='word_1_265' title='bbox 927 1666 1016 1725; x_wconf 76' lang='lat' dir='ltr'><strong>eosqui</strong></span> <span class='ocrx_word' id='word_1_266' title='bbox 1024 1665 1109 1712; x_wconf 80' lang='lat' dir='ltr'><strong>Gallim</strong></span> <span class='ocrx_word' id='word_1_267' title='bbox 1118 1667 1199 1714; x_wconf 80' lang='lat' dir='ltr'><strong>heatae</strong></span> <span class='ocrx_word' id='word_1_268' title='bbox 1208 1675 1297 1727; x_wconf 75' lang='lat' dir='ltr'><strong>emant,</strong></span> 
     </span>
     <span class='ocr_line' id='line_1_43' title="bbox 770 1741 1295 1801; baseline 0.008 -16"><span class='ocrx_word' id='word_1_269' title='bbox 770 1753 865 1801; x_wconf 84' lang='lat' dir='ltr'><strong>eemper</strong></span> <span class='ocrx_word' id='word_1_270' title='bbox 874 1741 1002 1801; x_wconf 81' lang='lat' dir='ltr'><strong>permlaea3</strong></span> <span class='ocrx_word' id='word_1_271' title='bbox 1013 1745 1038 1788; x_wconf 89' lang='lat' dir='ltr'><strong>et</strong></span> <span class='ocrx_word' id='word_1_272' title='bbox 1045 1742 1141 1801; x_wconf 90' lang='lat' dir='ltr'><strong>quidem</strong></span> <span class='ocrx_word' id='word_1_273' title='bbox 1152 1744 1212 1789; x_wconf 88' lang='lat' dir='ltr'><strong>adeo</strong></span> <span class='ocrx_word' id='word_1_274' title='bbox 1222 1742 1295 1789; x_wconf 82' lang='lat' dir='ltr'><strong>indie·</strong></span> 
     </span>
     <span class='ocr_line' id='line_1_44' title="bbox 771 1815 1296 1874; baseline 0.006 -14"><span class='ocrx_word' id='word_1_275' title='bbox 771 1819 843 1871; x_wconf 88' lang='lat' dir='ltr'><strong>crete,</strong></span> <span class='ocrx_word' id='word_1_276' title='bbox 853 1819 881 1861; x_wconf 89' lang='lat' dir='ltr'><strong>nt</strong></span> <span class='ocrx_word' id='word_1_277' title='bbox 891 1815 972 1861; x_wconf 80' lang='lat' dir='ltr'><strong>hortea</strong></span> <span class='ocrx_word' id='word_1_278' title='bbox 982 1829 1045 1874; x_wconf 80' lang='lat' dir='ltr'><strong>crepe</strong></span> <span class='ocrx_word' id='word_1_279' title='bbox 1055 1817 1100 1862; x_wconf 84' lang='lat' dir='ltr'><strong>eub</strong></span> <span class='ocrx_word' id='word_1_280' title='bbox 1107 1816 1191 1863; x_wconf 84' lang='lat' dir='ltr'><strong>alienia</strong></span> <span class='ocrx_word' id='word_1_281' title='bbox 1201 1818 1296 1863; x_wconf 77' lang='lat' dir='ltr'><strong>nomin·</strong></span> 
     </span>
     <span class='ocr_line' id='line_1_45' title="bbox 770 1889 1297 1951; baseline 0.009 -17"><span class='ocrx_word' id='word_1_282' title='bbox 770 1889 823 1935; x_wconf 88' lang='lat' dir='ltr'><strong>ibua</strong></span> <span class='ocrx_word' id='word_1_283' title='bbox 832 1902 871 1935; x_wconf 81' lang='lat' dir='ltr'><strong>rea</strong></span> <span class='ocrx_word' id='word_1_284' title='bbox 880 1903 935 1936; x_wconf 78' lang='lat' dir='ltr'><strong>auae</strong></span> <span class='ocrx_word' id='word_1_285' title='bbox 944 1891 1104 1949; x_wconf 73' lang='lat' dir='ltr'><strong>occultarent5</strong></span> <span class='ocrx_word' id='word_1_286' title='bbox 1117 1896 1145 1937; x_wconf 89' lang='lat' dir='ltr'><strong>ut</strong></span> <span class='ocrx_word' id='word_1_287' title='bbox 1154 1896 1256 1951; x_wconf 85' lang='lat' dir='ltr'><strong>apparet</strong></span> <span class='ocrx_word' id='word_1_288' title='bbox 1266 1904 1297 1939; x_wconf 80' lang='lat' dir='ltr'><strong>ex</strong></span> 
     </span>
     <span class='ocr_line' id='line_1_46' title="bbox 771 1964 1296 2026; baseline 0.004 -16"><span class='ocrx_word' id='word_1_289' title='bbox 771 1964 849 2010; x_wconf 87' lang='lat' dir='ltr'><strong>edicte</strong></span> <span class='ocrx_word' id='word_1_290' title='bbox 869 1978 932 2009; x_wconf 82' lang='lat' dir='ltr'><strong>anno</strong></span> <span class='ocrx_word' id='word_1_291' title='bbox 950 1965 1119 2012; x_wconf 84' lang='lat' dir='ltr'><strong>clelcxuur.</strong></span> <span class='ocrx_word' id='word_1_292' title='bbox 1133 1967 1212 2026; x_wconf 86' lang='lat' dir='ltr'><strong>capite</strong></span> <span class='ocrx_word' id='word_1_293' title='bbox 1229 1978 1296 2013; x_wconf 79' lang='lat' dir='ltr'><strong>xuu.</strong></span> 
     </span>
     <span class='ocr_line' id='line_1_47' title="bbox 771 2038 1296 2100; baseline 0.004 -15"><span class='ocrx_word' id='word_1_294' title='bbox 771 2040 836 2100; x_wconf 89' lang='lat' dir='ltr'><strong>qnod</strong></span> <span class='ocrx_word' id='word_1_295' title='bbox 850 2038 965 2085; x_wconf 85' lang='lat' dir='ltr'><strong>tralatum</strong></span> <span class='ocrx_word' id='word_1_296' title='bbox 979 2044 1016 2086; x_wconf 82' lang='lat' dir='ltr'><strong>eet</strong></span> <span class='ocrx_word' id='word_1_297' title='bbox 1026 2040 1051 2084; x_wconf 86' lang='lat' dir='ltr'><strong>in</strong></span> <span class='ocrx_word' id='word_1_298' title='bbox 1061 2039 1166 2086; x_wconf 88' lang='lat' dir='ltr'><strong>edictum</strong></span> <span class='ocrx_word' id='word_1_299' title='bbox 1179 2039 1236 2085; x_wconf 86' lang='lat' dir='ltr'><strong>anni</strong></span> <span class='ocrx_word' id='word_1_300' title='bbox 1250 2040 1296 2087; x_wconf 82' lang='lat' dir='ltr'><strong>clo</strong></span> 
     </span>
     <span class='ocr_line' id='line_1_48' title="bbox 771 2114 1296 2174; baseline 0.002 -14"><span class='ocrx_word' id='word_1_301' title='bbox 771 2115 922 2161; x_wconf 79' lang='lat' dir='ltr'><strong>Iauxxxrv.</strong></span> <span class='ocrx_word' id='word_1_302' title='bbox 942 2118 967 2159; x_wconf 85' lang='lat' dir='ltr'><strong>et</strong></span> <span class='ocrx_word' id='word_1_303' title='bbox 986 2114 1119 2174; x_wconf 85' lang='lat' dir='ltr'><strong>eequentie.</strong></span> <span class='ocrx_word' id='word_1_304' title='bbox 1157 2114 1192 2160; x_wconf 83' lang='lat' dir='ltr'><strong>Ila</strong></span> <span class='ocrx_word' id='word_1_305' title='bbox 1212 2115 1296 2161; x_wconf 71' lang='lat' dir='ltr'><strong>edictis</strong></span> 
     </span>
     <span class='ocr_line' id='line_1_49' title="bbox 771 2189 1297 2247; baseline 0.002 -10"><span class='ocrx_word' id='word_1_306' title='bbox 771 2189 861 2237; x_wconf 71' lang='lat' dir='ltr'><strong>diserte</strong></span> <span class='ocrx_word' id='word_1_307' title='bbox 883 2194 987 2247; x_wconf 83' lang='lat' dir='ltr'><strong>caretur,</strong></span> <span class='ocrx_word' id='word_1_308' title='bbox 1008 2194 1037 2236; x_wconf 88' lang='lat' dir='ltr'><strong>nt</strong></span> <span class='ocrx_word' id='word_1_309' title='bbox 1063 2189 1188 2236; x_wconf 85' lang='lat' dir='ltr'><strong>Gallorum</strong></span> <span class='ocrx_word' id='word_1_310' title='bbox 1214 2191 1297 2238; x_wconf 71' lang='lat' dir='ltr'><strong>amima</strong></span> 
     </span>
     <span class='ocr_line' id='line_1_50' title="bbox 770 2265 1298 2325; baseline 0.002 -13"><span class='ocrx_word' id='word_1_311' title='bbox 770 2266 842 2312; x_wconf 85' lang='lat' dir='ltr'><strong>liceat</strong></span> <span class='ocrx_word' id='word_1_312' title='bbox 858 2265 916 2312; x_wconf 86' lang='lat' dir='ltr'><strong>belii</strong></span> <span class='ocrx_word' id='word_1_313' title='bbox 930 2269 1039 2325; x_wconf 87' lang='lat' dir='ltr'><strong>tempore</strong></span> <span class='ocrx_word' id='word_1_314' title='bbox 1051 2278 1162 2313; x_wconf 83' lang='lat' dir='ltr'><strong>exercere</strong></span> <span class='ocrx_word' id='word_1_315' title='bbox 1176 2273 1298 2313; x_wconf 85' lang='lat' dir='ltr'><strong>mercatu-</strong></span> 
     </span>
     <span class='ocr_line' id='line_1_51' title="bbox 771 2339 1298 2401; baseline 0.002 -15"><span class='ocrx_word' id='word_1_316' title='bbox 771 2353 830 2397; x_wconf 89' lang='lat' dir='ltr'><strong>ram,</strong></span> <span class='ocrx_word' id='word_1_317' title='bbox 853 2340 982 2385; x_wconf 89' lang='lat' dir='ltr'><strong>dummodo</strong></span> <span class='ocrx_word' id='word_1_318' title='bbox 1002 2339 1050 2385; x_wconf 83' lang='lat' dir='ltr'><strong>auia</strong></span> <span class='ocrx_word' id='word_1_319' title='bbox 1065 2340 1173 2397; x_wconf 77' lang='lat' dir='ltr'><strong>naribus,</strong></span> <span class='ocrx_word' id='word_1_320' title='bbox 1194 2354 1298 2401; x_wconf 62' lang='lat' dir='ltr'><strong>auoque</strong></span> 
     </span>
     <span class='ocr_line' id='line_1_52' title="bbox 771 2414 1298 2477; baseline 0.008 -19"><span class='ocrx_word' id='word_1_321' title='bbox 771 2427 816 2474; x_wconf 89' lang='lat' dir='ltr'><strong>per</strong></span> <span class='ocrx_word' id='word_1_322' title='bbox 826 2414 942 2471; x_wconf 74' lang='lat' dir='ltr'><strong>hominen,</strong></span> <span class='ocrx_word' id='word_1_323' title='bbox 956 2427 1076 2473; x_wconf 83' lang='lat' dir='ltr'><strong>naveaque</strong></span> <span class='ocrx_word' id='word_1_324' title='bbox 1085 2429 1114 2461; x_wconf 87' lang='lat' dir='ltr'><strong>ac</strong></span> <span class='ocrx_word' id='word_1_325' title='bbox 1123 2428 1221 2472; x_wconf 81' lang='lat' dir='ltr'><strong>mercen,</strong></span> <span class='ocrx_word' id='word_1_326' title='bbox 1236 2430 1298 2477; x_wconf 91' lang='lat' dir='ltr'><strong>quo·</strong></span> 
     </span>
     <span class='ocr_line' id='line_1_53' title="bbox 772 2487 1299 2548; baseline 0.004 -14"><span class='ocrx_word' id='word_1_327' title='bbox 772 2501 875 2547; x_wconf 88' lang='lat' dir='ltr'><strong>eumque</strong></span> <span class='ocrx_word' id='word_1_328' title='bbox 897 2487 974 2533; x_wconf 71' lang='lat' dir='ltr'><strong>ruum</strong></span> <span class='ocrx_word' id='word_1_329' title='bbox 999 2488 1057 2547; x_wconf 83' lang='lat' dir='ltr'><strong>ipela</strong></span> <span class='ocrx_word' id='word_1_330' title='bbox 1078 2493 1141 2534; x_wconf 79' lang='lat' dir='ltr'><strong>emet</strong></span> <span class='ocrx_word' id='word_1_331' title='bbox 1160 2489 1299 2548; x_wconf 77' lang='lat' dir='ltr'><strong>perducere,</strong></span> 
     </span>
     <span class='ocr_line' id='line_1_54' title="bbox 772 2564 1300 2623; baseline 0.004 -14"><span class='ocrx_word' id='word_1_332' title='bbox 772 2564 829 2610; x_wconf 90' lang='lat' dir='ltr'><strong>dum</strong></span> <span class='ocrx_word' id='word_1_333' title='bbox 838 2577 965 2610; x_wconf 85' lang='lat' dir='ltr'><strong>nemercee</strong></span> <span class='ocrx_word' id='word_1_334' title='bbox 974 2564 1300 2623; x_wconf 79' lang='lat' dir='ltr'><strong>eaealntbelliinetrumenta,</strong></span> 
     </span>
     <span class='ocr_line' id='line_1_55' title="bbox 772 2639 1299 2701; baseline 0.006 -16"><span class='ocrx_word' id='word_1_335' title='bbox 772 2640 862 2700; x_wconf 86' lang='lat' dir='ltr'><strong>quibua</strong></span> <span class='ocrx_word' id='word_1_336' title='bbox 877 2651 915 2684; x_wconf 85' lang='lat' dir='ltr'><strong>rea</strong></span> <span class='ocrx_word' id='word_1_337' title='bbox 928 2639 1032 2685; x_wconf 83' lang='lat' dir='ltr'><strong>hortium</strong></span> <span class='ocrx_word' id='word_1_338' title='bbox 1041 2639 1123 2685; x_wconf 74' lang='lat' dir='ltr'><strong>rovere</strong></span> <span class='ocrx_word' id='word_1_339' title='bbox 1132 2639 1218 2688; x_wconf 82' lang='lat' dir='ltr'><strong>velint:</strong></span> <span class='ocrx_word' id='word_1_340' title='bbox 1234 2641 1299 2701; x_wconf 90' lang='lat' dir='ltr'><strong>quod</strong></span> 
     </span>
     <span class='ocr_line' id='line_1_56' title="bbox 772 2713 1300 2775; baseline -0.008 -14"><span class='ocrx_word' id='word_1_341' title='bbox 772 2715 793 2761; x_wconf 88' lang='lat' dir='ltr'><strong>el</strong></span> <span class='ocrx_word' id='word_1_342' title='bbox 806 2715 849 2760; x_wconf 82' lang='lat' dir='ltr'><strong>fiet</strong></span> <span class='ocrx_word' id='word_1_343' title='bbox 864 2713 1013 2775; x_wconf 85' lang='lat' dir='ltr'><strong>permittitur</strong></span> <span class='ocrx_word' id='word_1_344' title='bbox 1023 2714 1101 2761; x_wconf 82' lang='lat' dir='ltr'><strong>Gallie</strong></span> <span class='ocrx_word' id='word_1_345' title='bbox 1118 2714 1176 2761; x_wconf 82' lang='lat' dir='ltr'><strong>talia</strong></span> <span class='ocrx_word' id='word_1_346' title='bbox 1189 2715 1247 2761; x_wconf 90' lang='lat' dir='ltr'><strong>belli</strong></span> <span class='ocrx_word' id='word_1_347' title='bbox 1262 2715 1300 2762; x_wconf 89' lang='lat' dir='ltr'><strong>in.</strong></span> 
     </span>
     <span class='ocr_line' id='line_1_57' title="bbox 773 2788 1302 2851; baseline 0.004 -16"><span class='ocrx_word' id='word_1_348' title='bbox 773 2793 907 2835; x_wconf 77' lang='lat' dir='ltr'><strong>strumenta</strong></span> <span class='ocrx_word' id='word_1_349' title='bbox 920 2788 965 2834; x_wconf 83' lang='lat' dir='ltr'><strong>ribi</strong></span> <span class='ocrx_word' id='word_1_350' title='bbox 976 2801 1077 2846; x_wconf 77' lang='lat' dir='ltr'><strong>numere,</strong></span> <span class='ocrx_word' id='word_1_351' title='bbox 1093 2789 1215 2848; x_wconf 84' lang='lat' dir='ltr'><strong>pereoluto</strong></span> <span class='ocrx_word' id='word_1_352' title='bbox 1230 2804 1302 2851; x_wconf 76' lang='lat' dir='ltr'><strong>aequo</strong></span> 
     </span>
     <span class='ocr_line' id='line_1_58' title="bbox 773 2863 1302 2926; baseline 0.006 -16"><span class='ocrx_word' id='word_1_353' title='bbox 773 2864 861 2924; x_wconf 90' lang='lat' dir='ltr'><strong>pretio.</strong></span> <span class='ocrx_word' id='word_1_354' title='bbox 894 2863 940 2910; x_wconf 85' lang='lat' dir='ltr'><strong>llic</strong></span> <span class='ocrx_word' id='word_1_355' title='bbox 957 2864 1005 2909; x_wconf 91' lang='lat' dir='ltr'><strong>duo</strong></span> <span class='ocrx_word' id='word_1_356' title='bbox 1020 2864 1134 2921; x_wconf 71' lang='lat' dir='ltr'><strong>uomodo,</strong></span> <span class='ocrx_word' id='word_1_357' title='bbox 1151 2864 1189 2910; x_wconf 82' lang='lat' dir='ltr'><strong>bia</strong></span> <span class='ocrx_word' id='word_1_358' title='bbox 1205 2865 1302 2926; x_wconf 80' lang='lat' dir='ltr'><strong>legibue</strong></span> 
     </span>
     <span class='ocr_line' id='line_1_59' title="bbox 775 2937 1301 2998; baseline 0.008 -16"><span class='ocrx_word' id='word_1_359' title='bbox 775 2951 819 2983; x_wconf 89' lang='lat' dir='ltr'><strong>uec</strong></span> <span class='ocrx_word' id='word_1_360' title='bbox 833 2937 892 2982; x_wconf 91' lang='lat' dir='ltr'><strong>belli</strong></span> <span class='ocrx_word' id='word_1_361' title='bbox 906 2937 1066 2984; x_wconf 75' lang='lat' dir='ltr'><strong>instrumenta</strong></span> <span class='ocrx_word' id='word_1_362' title='bbox 1083 2937 1108 2982; x_wconf 90' lang='lat' dir='ltr'><strong>in</strong></span> <span class='ocrx_word' id='word_1_363' title='bbox 1123 2939 1228 2998; x_wconf 73' lang='lat' dir='ltr'><strong>predam</strong></span> <span class='ocrx_word' id='word_1_364' title='bbox 1249 2952 1301 2986; x_wconf 82' lang='lat' dir='ltr'><strong>eer-</strong></span> 
     </span>
     <span class='ocr_line' id='line_1_60' title="bbox 774 3010 1301 3070; baseline 0.006 -15"><span class='ocrx_word' id='word_1_365' title='bbox 774 3011 842 3066; x_wconf 83' lang='lat' dir='ltr'><strong>rieee,</strong></span> <span class='ocrx_word' id='word_1_366' title='bbox 856 3010 933 3055; x_wconf 87' lang='lat' dir='ltr'><strong>multo</strong></span> <span class='ocrx_word' id='word_1_367' title='bbox 943 3010 1020 3069; x_wconf 87' lang='lat' dir='ltr'><strong>magia</strong></span> <span class='ocrx_word' id='word_1_368' title='bbox 1029 3010 1060 3055; x_wconf 88' lang='lat' dir='ltr'><strong>ab</strong></span> <span class='ocrx_word' id='word_1_369' title='bbox 1070 3024 1099 3056; x_wconf 88' lang='lat' dir='ltr'><strong>ee</strong></span> <span class='ocrx_word' id='word_1_370' title='bbox 1113 3011 1221 3070; x_wconf 88' lang='lat' dir='ltr'><strong>periculo</strong></span> <span class='ocrx_word' id='word_1_371' title='bbox 1230 3013 1301 3059; x_wconf 84' lang='lat' dir='ltr'><strong>abiu-</strong></span> 
     </span>
    </p>
   </div>
   <div class='ocr_carea' id='block_1_7' title="bbox 198 3080 1302 3443">
    <p class='ocr_par' dir='ltr' id='par_1_7' title="bbox 198 3080 1302 3443">
     <span class='ocr_line' id='line_1_61' title="bbox 198 3080 1300 3144; baseline 0.002 -14"><span class='ocrx_word' id='word_1_372' title='bbox 198 3082 350 3131; x_wconf 82' lang='lat' dir='ltr'><strong>cembellum</strong></span> <span class='ocrx_word' id='word_1_373' title='bbox 358 3083 416 3142; x_wconf 85' lang='lat' dir='ltr'><strong>lpeia</strong></span> <span class='ocrx_word' id='word_1_374' title='bbox 424 3084 548 3127; x_wconf 84' lang='lat' dir='ltr'><strong>eaeetcum</strong></span> <span class='ocrx_word' id='word_1_375' title='bbox 559 3080 656 3127; x_wconf 87' lang='lat' dir='ltr'><strong>Lubeca</strong></span> <span class='ocrx_word' id='word_1_376' title='bbox 662 3082 727 3128; x_wconf 86' lang='lat' dir='ltr'><strong>aliia·</strong></span> <span class='ocrx_word' id='word_1_377' title='bbox 774 3085 821 3130; x_wconf 80' lang='lat' dir='ltr'><strong>leae</strong></span> <span class='ocrx_word' id='word_1_378' title='bbox 831 3097 921 3129; x_wconf 83' lang='lat' dir='ltr'><strong>mercae</strong></span> <span class='ocrx_word' id='word_1_379' title='bbox 931 3083 1050 3128; x_wconf 81' lang='lat' dir='ltr'><strong>innoxiae.</strong></span> <span class='ocrx_word' id='word_1_380' title='bbox 1075 3083 1131 3129; x_wconf 80' lang='lat' dir='ltr'><strong>Non</strong></span> <span class='ocrx_word' id='word_1_381' title='bbox 1139 3098 1225 3144; x_wconf 86' lang='lat' dir='ltr'><strong>negem</strong></span> <span class='ocrx_word' id='word_1_382' title='bbox 1235 3086 1300 3133; x_wconf 83' lang='lat' dir='ltr'><strong>aliud</strong></span> 
     </span>
     <span class='ocr_line' id='line_1_62' title="bbox 199 3155 1301 3220; baseline -0.001 -14"><span class='ocrx_word' id='word_1_383' title='bbox 199 3174 246 3220; x_wconf 90' lang='lat' dir='ltr'><strong>que</strong></span> <span class='ocrx_word' id='word_1_384' title='bbox 256 3159 395 3205; x_wconf 73' lang='lat' dir='ltr'><strong>civitatibus</strong></span> <span class='ocrx_word' id='word_1_385' title='bbox 404 3157 435 3203; x_wconf 90' lang='lat' dir='ltr'><strong>ad</strong></span> <span class='ocrx_word' id='word_1_386' title='bbox 445 3155 636 3202; x_wconf 82' lang='lat' dir='ltr'><strong>mareBelticum</strong></span> <span class='ocrx_word' id='word_1_387' title='bbox 647 3162 672 3203; x_wconf 92' lang='lat' dir='ltr'><strong>et</strong></span> <span class='ocrx_word' id='word_1_388' title='bbox 680 3158 726 3204; x_wconf 80' lang='lat' dir='ltr'><strong>Al·</strong></span> <span class='ocrx_word' id='word_1_389' title='bbox 770 3157 811 3218; x_wconf 86' lang='lat' dir='ltr'><strong>jue</strong></span> <span class='ocrx_word' id='word_1_390' title='bbox 836 3169 963 3216; x_wconf 81' lang='lat' dir='ltr'><strong>uaurpaaee</strong></span> <span class='ocrx_word' id='word_1_391' title='bbox 986 3156 1106 3202; x_wconf 83' lang='lat' dir='ltr'><strong>interdum</strong></span> <span class='ocrx_word' id='word_1_392' title='bbox 1131 3159 1301 3217; x_wconf 71' lang='lat' dir='ltr'><strong>septentrionia</strong></span> 
     </span>
     <span class='ocr_line' id='line_1_63' title="bbox 198 3229 1302 3295; baseline -0.006 -15"><span class='ocrx_word' id='word_1_393' title='bbox 198 3236 248 3281; x_wconf 89' lang='lat' dir='ltr'><strong>bim</strong></span> <span class='ocrx_word' id='word_1_394' title='bbox 265 3233 325 3289; x_wconf 79' lang='lat' dir='ltr'><strong>sitia,</strong></span> <span class='ocrx_word' id='word_1_395' title='bbox 345 3233 472 3292; x_wconf 77' lang='lat' dir='ltr'><strong>iracuente</strong></span> <span class='ocrx_word' id='word_1_396' title='bbox 490 3235 575 3276; x_wconf 75' lang='lat' dir='ltr'><strong>uenatu</strong></span> <span class='ocrx_word' id='word_1_397' title='bbox 591 3230 726 3291; x_wconf 84' lang='lat' dir='ltr'><strong>judicatum</strong></span> <span class='ocrx_word' id='word_1_398' title='bbox 774 3235 867 3292; x_wconf 83' lang='lat' dir='ltr'><strong>gentes,</strong></span> <span class='ocrx_word' id='word_1_399' title='bbox 882 3231 924 3277; x_wconf 85' lang='lat' dir='ltr'><strong>aed</strong></span> <span class='ocrx_word' id='word_1_400' title='bbox 934 3229 1007 3288; x_wconf 78' lang='lat' dir='ltr'><strong>varie,</strong></span> <span class='ocrx_word' id='word_1_401' title='bbox 1023 3244 1053 3276; x_wconf 85' lang='lat' dir='ltr'><strong>ex</strong></span> <span class='ocrx_word' id='word_1_402' title='bbox 1063 3244 1109 3276; x_wconf 83' lang='lat' dir='ltr'><strong>nau</strong></span> <span class='ocrx_word' id='word_1_403' title='bbox 1118 3232 1196 3292; x_wconf 83' lang='lat' dir='ltr'><strong>magia</strong></span> <span class='ocrx_word' id='word_1_404' title='bbox 1206 3237 1302 3295; x_wconf 83' lang='lat' dir='ltr'><strong>tempo.</strong></span> 
     </span>
     <span class='ocr_line' id='line_1_64' title="bbox 200 3305 1300 3367; baseline -0.001 -12"><span class='ocrx_word' id='word_1_405' title='bbox 200 3315 244 3366; x_wconf 86' lang='lat' dir='ltr'><strong>eat,</strong></span> <span class='ocrx_word' id='word_1_406' title='bbox 266 3309 338 3355; x_wconf 87' lang='lat' dir='ltr'><strong>etiam</strong></span> <span class='ocrx_word' id='word_1_407' title='bbox 356 3308 381 3352; x_wconf 80' lang='grc' dir='ltr'><strong>ιιι</strong></span> <span class='ocrx_word' id='word_1_408' title='bbox 391 3307 495 3352; x_wconf 81' lang='lat' dir='ltr'><strong>hortium</strong></span> <span class='ocrx_word' id='word_1_409' title='bbox 507 3306 607 3352; x_wconf 82' lang='lat' dir='ltr'><strong>navibua</strong></span> <span class='ocrx_word' id='word_1_410' title='bbox 619 3312 727 3365; x_wconf 83' lang='lat' dir='ltr'><strong>repertae</strong></span> <span class='ocrx_word' id='word_1_411' title='bbox 774 3319 908 3366; x_wconf 85' lang='lat' dir='ltr'><strong>remquam</strong></span> <span class='ocrx_word' id='word_1_412' title='bbox 918 3319 948 3351; x_wconf 82' lang='lat' dir='ltr'><strong>ex</strong></span> <span class='ocrx_word' id='word_1_413' title='bbox 958 3305 1207 3367; x_wconf 71' lang='lat' dir='ltr'><strong>equitataperpetna.</strong></span> <span class='ocrx_word' id='word_1_414' title='bbox 1237 3311 1300 3360; x_wconf 75' lang='lat' dir='ltr'><strong>Nem</strong></span> 
     </span>
     <span class='ocr_line' id='line_1_65' title="bbox 200 3378 1301 3443; baseline 0.005 -13"><span class='ocrx_word' id='word_1_415' title='bbox 200 3397 300 3437; x_wconf 85' lang='lat' dir='ltr'><strong>mercer,</strong></span> <span class='ocrx_word' id='word_1_416' title='bbox 315 3381 485 3443; x_wconf 86' lang='lat' dir='ltr'><strong>quaealiorum</strong></span> <span class='ocrx_word' id='word_1_417' title='bbox 496 3384 686 3438; x_wconf 68' lang='lat' dir='ltr'><strong>monument,</strong></span> <span class='ocrx_word' id='word_1_418' title='bbox 701 3381 727 3427; x_wconf 91' lang='lat' dir='ltr'><strong>ln</strong></span> <span class='ocrx_word' id='word_1_419' title='bbox 775 3395 830 3428; x_wconf 91' lang='lat' dir='ltr'><strong>eum</strong></span> <span class='ocrx_word' id='word_1_420' title='bbox 850 3379 927 3440; x_wconf 81' lang='lat' dir='ltr'><strong>Angli</strong></span> <span class='ocrx_word' id='word_1_421' title='bbox 944 3378 1062 3425; x_wconf 89' lang='lat' dir='ltr'><strong>bellorum</strong></span> <span class='ocrx_word' id='word_1_422' title='bbox 1080 3393 1178 3428; x_wconf 81' lang='lat' dir='ltr'><strong>auorum</strong></span> <span class='ocrx_word' id='word_1_423' title='bbox 1198 3385 1301 3435; x_wconf 84' lang='lat' dir='ltr'><strong>obtentu</strong></span> 
     </span>
    </p>
   </div>
   <div class='ocr_carea' id='block_1_8' title="bbox 201 3454 1303 3521">
    <p class='ocr_par' dir='ltr' id='par_1_8' title="bbox 201 3454 1303 3521">
     <span class='ocr_line' id='line_1_66' title="bbox 201 3454 1303 3521; baseline 0 -16"><span class='ocrx_word' id='word_1_424' title='bbox 201 3458 306 3521; x_wconf 78' lang='lat' dir='ltr'><strong>praedam</strong></span> <span class='ocrx_word' id='word_1_425' title='bbox 317 3471 365 3503; x_wconf 91' lang='lat' dir='ltr'><strong>non</strong></span> <span class='ocrx_word' id='word_1_426' title='bbox 376 3457 472 3515; x_wconf 83' lang='lat' dir='ltr'><strong>cedere3</strong></span> <span class='ocrx_word' id='word_1_427' title='bbox 487 3456 560 3516; x_wconf 86' lang='lat' dir='ltr'><strong>idque</strong></span> <span class='ocrx_word' id='word_1_428' title='bbox 574 3455 728 3519; x_wconf 86' lang='lat' dir='ltr'><strong>ibiprolege</strong></span> <span class='ocrx_word' id='word_1_429' title='bbox 775 3457 900 3504; x_wconf 86' lang='lat' dir='ltr'><strong>Danerum</strong></span> <span class='ocrx_word' id='word_1_430' title='bbox 918 3454 1061 3500; x_wconf 86' lang='lat' dir='ltr'><strong>commercia</strong></span> <span class='ocrx_word' id='word_1_431' title='bbox 1076 3455 1239 3519; x_wconf 79' lang='lat' dir='ltr'><strong>impediment,</strong></span> <span class='ocrx_word' id='word_1_432' title='bbox 1259 3475 1303 3508; x_wconf 77' lang='lat' dir='ltr'><strong>ua.</strong></span> 
     </span>
    </p>
   </div>
   <div class='ocr_carea' id='block_1_9' title="bbox 200 3671 1306 4431">
    <p class='ocr_par' dir='ltr' id='par_1_9' title="bbox 200 3671 1306 4431">
     <span class='ocr_line' id='line_1_67' title="bbox 201 3671 1304 3748; baseline 0.005 -21"><span class='ocrx_word' id='word_1_433' title='bbox 201 3671 345 3744; x_wconf 81' lang='lat' dir='ltr'><strong>besieging</strong></span> <span class='ocrx_word' id='word_1_434' title='bbox 355 3689 373 3727; x_wconf 90' lang='lat' dir='ltr'><strong>a</strong></span> <span class='ocrx_word' id='word_1_435' title='bbox 384 3677 469 3737; x_wconf 82' lang='lat' dir='ltr'><strong>town,</strong></span> <span class='ocrx_word' id='word_1_436' title='bbox 480 3689 513 3726; x_wconf 89' lang='lat' dir='ltr'><strong>or</strong></span> <span class='ocrx_word' id='word_1_437' title='bbox 526 3672 696 3744; x_wconf 86' lang='lat' dir='ltr'><strong>blockading</strong></span> <span class='ocrx_word' id='word_1_438' title='bbox 706 3678 805 3744; x_wconf 85' lang='lat' dir='ltr'><strong>apert,</strong></span> <span class='ocrx_word' id='word_1_439' title='bbox 819 3673 876 3728; x_wconf 89' lang='lat' dir='ltr'><strong>and</strong></span> <span class='ocrx_word' id='word_1_440' title='bbox 886 3673 912 3728; x_wconf 84' lang='lat' dir='ltr'><strong>ii</strong></span> <span class='ocrx_word' id='word_1_441' title='bbox 922 3675 1073 3731; x_wconf 89' lang='lat' dir='ltr'><strong>anrrender</strong></span> <span class='ocrx_word' id='word_1_442' title='bbox 1087 3692 1120 3731; x_wconf 92' lang='lat' dir='ltr'><strong>or</strong></span> <span class='ocrx_word' id='word_1_443' title='bbox 1130 3692 1218 3748; x_wconf 84' lang='lat' dir='ltr'><strong>peace</strong></span> <span class='ocrx_word' id='word_1_444' title='bbox 1229 3691 1304 3732; x_wconf 70' lang='lat' dir='ltr'><strong>vere</strong></span> 
     </span>
     <span class='ocr_line' id='line_1_68' title="bbox 202 3757 1303 3832; baseline 0.003 -20"><span class='ocrx_word' id='word_1_445' title='bbox 202 3758 352 3829; x_wconf 77' lang='lat' dir='ltr'><strong>expected3</strong></span> <span class='ocrx_word' id='word_1_446' title='bbox 366 3757 404 3813; x_wconf 86' lang='lat' dir='ltr'><strong>he</strong></span> <span class='ocrx_word' id='word_1_447' title='bbox 415 3758 471 3811; x_wconf 83' lang='lat' dir='ltr'><strong>will</strong></span> <span class='ocrx_word' id='word_1_448' title='bbox 482 3757 519 3812; x_wconf 92' lang='lat' dir='ltr'><strong>be</strong></span> <span class='ocrx_word' id='word_1_449' title='bbox 527 3758 624 3812; x_wconf 88' lang='lat' dir='ltr'><strong>bound</strong></span> <span class='ocrx_word' id='word_1_450' title='bbox 635 3765 665 3814; x_wconf 97' lang='grc' dir='ltr'><strong>ιο</strong></span> <span class='ocrx_word' id='word_1_451' title='bbox 678 3775 724 3813; x_wconf 91' lang='lat' dir='ltr'><strong>me</strong></span> <span class='ocrx_word' id='word_1_452' title='bbox 733 3757 778 3814; x_wconf 85' lang='lat' dir='ltr'><strong>ior</strong></span> <span class='ocrx_word' id='word_1_453' title='bbox 789 3758 937 3831; x_wconf 54' lang='lat' dir='ltr'><strong>damage„</strong></span> <span class='ocrx_word' id='word_1_454' title='bbox 952 3777 982 3816; x_wconf 87' lang='lat' dir='ltr'><strong>aa</strong></span> <span class='ocrx_word' id='word_1_455' title='bbox 994 3779 1012 3815; x_wconf 87' lang='lat' dir='ltr'><strong>a</strong></span> <span class='ocrx_word' id='word_1_456' title='bbox 1023 3778 1125 3832; x_wconf 82' lang='lat' dir='ltr'><strong>percon</strong></span> <span class='ocrx_word' id='word_1_457' title='bbox 1137 3760 1229 3816; x_wconf 79' lang='lat' dir='ltr'><strong>would</strong></span> <span class='ocrx_word' id='word_1_458' title='bbox 1240 3760 1303 3815; x_wconf 84' lang='lat' dir='ltr'><strong>who</strong></span> 
     </span>
     <span class='ocr_line' id='line_1_69' title="bbox 201 3840 1303 3917; baseline 0.002 -20"><span class='ocrx_word' id='word_1_459' title='bbox 201 3840 333 3897; x_wconf 80' lang='lat' dir='ltr'><strong>liberatae</strong></span> <span class='ocrx_word' id='word_1_460' title='bbox 348 3860 396 3914; x_wconf 79' lang='lat' dir='ltr'><strong>my</strong></span> <span class='ocrx_word' id='word_1_461' title='bbox 406 3843 506 3899; x_wconf 88' lang='lat' dir='ltr'><strong>debtor</strong></span> <span class='ocrx_word' id='word_1_462' title='bbox 520 3843 593 3898; x_wconf 87' lang='lat' dir='ltr'><strong>irem</strong></span> <span class='ocrx_word' id='word_1_463' title='bbox 604 3844 709 3914; x_wconf 77' lang='lat' dir='ltr'><strong>prison,</strong></span> <span class='ocrx_word' id='word_1_464' title='bbox 723 3860 756 3898; x_wconf 90' lang='lat' dir='ltr'><strong>or</strong></span> <span class='ocrx_word' id='word_1_465' title='bbox 768 3846 862 3900; x_wconf 77' lang='lat' dir='ltr'><strong>amiate</strong></span> <span class='ocrx_word' id='word_1_466' title='bbox 874 3845 917 3900; x_wconf 86' lang='lat' dir='ltr'><strong>hia</strong></span> <span class='ocrx_word' id='word_1_467' title='bbox 929 3845 1011 3917; x_wconf 82' lang='lat' dir='ltr'><strong>ssight</strong></span> <span class='ocrx_word' id='word_1_468' title='bbox 1022 3853 1052 3901; x_wconf 90' lang='grc' dir='ltr'><strong>ιο</strong></span> <span class='ocrx_word' id='word_1_469' title='bbox 1065 3863 1112 3917; x_wconf 81' lang='lat' dir='ltr'><strong>my</strong></span> <span class='ocrx_word' id='word_1_470' title='bbox 1122 3846 1233 3916; x_wconf 83' lang='lat' dir='ltr'><strong>injury;</strong></span> <span class='ocrx_word' id='word_1_471' title='bbox 1246 3845 1303 3900; x_wconf 90' lang='lat' dir='ltr'><strong>and</strong></span> 
     </span>
     <span class='ocr_line' id='line_1_70' title="bbox 201 3927 1304 4002; baseline 0.001 -19"><span class='ocrx_word' id='word_1_472' title='bbox 201 3935 231 3983; x_wconf 89' lang='lat' dir='ltr'><strong>to</strong></span> <span class='ocrx_word' id='word_1_473' title='bbox 246 3927 295 3982; x_wconf 86' lang='lat' dir='ltr'><strong>the</strong></span> <span class='ocrx_word' id='word_1_474' title='bbox 310 3929 453 3983; x_wconf 78' lang='lat' dir='ltr'><strong>extentos</strong></span> <span class='ocrx_word' id='word_1_475' title='bbox 467 3929 516 3984; x_wconf 86' lang='lat' dir='ltr'><strong>the</strong></span> <span class='ocrx_word' id='word_1_476' title='bbox 532 3928 659 4000; x_wconf 86' lang='lat' dir='ltr'><strong>damage,</strong></span> <span class='ocrx_word' id='word_1_477' title='bbox 679 3929 722 3984; x_wconf 85' lang='lat' dir='ltr'><strong>hie</strong></span> <span class='ocrx_word' id='word_1_478' title='bbox 740 3937 875 4002; x_wconf 80' lang='lat' dir='ltr'><strong>property</strong></span> <span class='ocrx_word' id='word_1_479' title='bbox 890 3947 954 4002; x_wconf 80' lang='lat' dir='ltr'><strong>may</strong></span> <span class='ocrx_word' id='word_1_480' title='bbox 968 3931 1004 3986; x_wconf 92' lang='lat' dir='ltr'><strong>be</strong></span> <span class='ocrx_word' id='word_1_481' title='bbox 1019 3931 1114 3996; x_wconf 80' lang='lat' dir='ltr'><strong>talen,</strong></span> <span class='ocrx_word' id='word_1_482' title='bbox 1127 3929 1183 3984; x_wconf 89' lang='lat' dir='ltr'><strong>and</strong></span> <span class='ocrx_word' id='word_1_483' title='bbox 1196 3946 1304 3985; x_wconf 81' lang='lat' dir='ltr'><strong>owner·</strong></span> 
     </span>
     <span class='ocr_line' id='line_1_71' title="bbox 200 4012 1304 4087; baseline 0.002 -18"><span class='ocrx_word' id='word_1_484' title='bbox 200 4014 264 4084; x_wconf 85' lang='lat' dir='ltr'><strong>ahip</strong></span> <span class='ocrx_word' id='word_1_485' title='bbox 276 4012 391 4068; x_wconf 77' lang='lat' dir='ltr'><strong>thereos</strong></span> <span class='ocrx_word' id='word_1_486' title='bbox 403 4013 438 4068; x_wconf 87' lang='lat' dir='ltr'><strong>be</strong></span> <span class='ocrx_word' id='word_1_487' title='bbox 456 4014 585 4069; x_wconf 75' lang='lat' dir='ltr'><strong>assumed</strong></span> <span class='ocrx_word' id='word_1_488' title='bbox 601 4014 648 4069; x_wconf 84' lang='lat' dir='ltr'><strong>for</strong></span> <span class='ocrx_word' id='word_1_489' title='bbox 665 4014 715 4070; x_wconf 92' lang='lat' dir='ltr'><strong>the</strong></span> <span class='ocrx_word' id='word_1_490' title='bbox 733 4015 801 4070; x_wconf 74' lang='lat' dir='ltr'><strong>eale</strong></span> <span class='ocrx_word' id='word_1_491' title='bbox 815 4015 849 4069; x_wconf 86' lang='lat' dir='ltr'><strong>oi</strong></span> <span class='ocrx_word' id='word_1_492' title='bbox 860 4016 1023 4087; x_wconf 79' lang='lat' dir='ltr'><strong>recovering</strong></span> <span class='ocrx_word' id='word_1_493' title='bbox 1042 4032 1090 4087; x_wconf 79' lang='lat' dir='ltr'><strong>my</strong></span> <span class='ocrx_word' id='word_1_494' title='bbox 1106 4015 1183 4071; x_wconf 88' lang='lat' dir='ltr'><strong>debt.</strong></span> <span class='ocrx_word' id='word_1_495' title='bbox 1217 4015 1249 4070; x_wconf 77' lang='lat' dir='ltr'><strong>Ii</strong></span> <span class='ocrx_word' id='word_1_496' title='bbox 1267 4016 1304 4071; x_wconf 88' lang='lat' dir='ltr'><strong>he</strong></span> 
     </span>
     <span class='ocr_line' id='line_1_72' title="bbox 200 4096 1305 4171; baseline 0.004 -19"><span class='ocrx_word' id='word_1_497' title='bbox 200 4096 272 4153; x_wconf 85' lang='lat' dir='ltr'><strong>bare</strong></span> <span class='ocrx_word' id='word_1_498' title='bbox 287 4106 337 4153; x_wconf 92' lang='lat' dir='ltr'><strong>not</strong></span> <span class='ocrx_word' id='word_1_499' title='bbox 352 4105 401 4171; x_wconf 78' lang='lat' dir='ltr'><strong>yet</strong></span> <span class='ocrx_word' id='word_1_500' title='bbox 415 4100 515 4153; x_wconf 87' lang='lat' dir='ltr'><strong>cauaed</strong></span> <span class='ocrx_word' id='word_1_501' title='bbox 528 4099 654 4170; x_wconf 85' lang='lat' dir='ltr'><strong>damage,</strong></span> <span class='ocrx_word' id='word_1_502' title='bbox 668 4100 720 4154; x_wconf 92' lang='lat' dir='ltr'><strong>but</strong></span> <span class='ocrx_word' id='word_1_503' title='bbox 731 4100 803 4154; x_wconf 84' lang='lat' dir='ltr'><strong>hare</strong></span> <span class='ocrx_word' id='word_1_504' title='bbox 818 4100 890 4155; x_wconf 86' lang='lat' dir='ltr'><strong>tried</strong></span> <span class='ocrx_word' id='word_1_505' title='bbox 903 4107 933 4155; x_wconf 89' lang='grc' dir='ltr'>ιο</span> <span class='ocrx_word' id='word_1_506' title='bbox 948 4117 1031 4156; x_wconf 87' lang='lat' dir='ltr'><strong>cauae</strong></span> <span class='ocrx_word' id='word_1_507' title='bbox 1042 4102 1074 4165; x_wconf 85' lang='lat' dir='ltr'><strong>it,</strong></span> <span class='ocrx_word' id='word_1_508' title='bbox 1087 4101 1187 4157; x_wconf 87' lang='lat' dir='ltr'><strong>Iehull</strong></span> <span class='ocrx_word' id='word_1_509' title='bbox 1201 4101 1272 4157; x_wconf 84' lang='lat' dir='ltr'><strong>hare</strong></span> <span class='ocrx_word' id='word_1_510' title='bbox 1286 4118 1305 4156; x_wconf 91' lang='lat' dir='ltr'><strong>a</strong></span> 
     </span>
     <span class='ocr_line' id='line_1_73' title="bbox 201 4183 1304 4259; baseline 0.003 -22"><span class='ocrx_word' id='word_1_511' title='bbox 201 4183 286 4254; x_wconf 82' lang='lat' dir='ltr'><strong>right,</strong></span> <span class='ocrx_word' id='word_1_512' title='bbox 300 4183 337 4254; x_wconf 82' lang='lat' dir='ltr'><strong>by</strong></span> <span class='ocrx_word' id='word_1_513' title='bbox 352 4183 402 4239; x_wconf 88' lang='lat' dir='ltr'><strong>the</strong></span> <span class='ocrx_word' id='word_1_514' title='bbox 416 4185 557 4239; x_wconf 88' lang='lat' dir='ltr'><strong>retenticn</strong></span> <span class='ocrx_word' id='word_1_515' title='bbox 572 4185 605 4239; x_wconf 86' lang='lat' dir='ltr'><strong>of</strong></span> <span class='ocrx_word' id='word_1_516' title='bbox 616 4186 659 4240; x_wconf 87' lang='lat' dir='ltr'><strong>hia</strong></span> <span class='ocrx_word' id='word_1_517' title='bbox 671 4191 815 4257; x_wconf 80' lang='lat' dir='ltr'><strong>property,</strong></span> <span class='ocrx_word' id='word_1_518' title='bbox 827 4192 858 4241; x_wconf 89' lang='lat' dir='ltr'><strong>to</strong></span> <span class='ocrx_word' id='word_1_519' title='bbox 873 4187 983 4257; x_wconf 90' lang='lat' dir='ltr'><strong>compel</strong></span> <span class='ocrx_word' id='word_1_520' title='bbox 994 4186 1053 4241; x_wconf 88' lang='lat' dir='ltr'><strong>him</strong></span> <span class='ocrx_word' id='word_1_521' title='bbox 1066 4194 1096 4242; x_wconf 90' lang='grc' dir='ltr'><strong>ιο</strong></span> <span class='ocrx_word' id='word_1_522' title='bbox 1106 4188 1169 4258; x_wconf 85' lang='lat' dir='ltr'><strong>gire</strong></span> <span class='ocrx_word' id='word_1_523' title='bbox 1181 4188 1304 4259; x_wconf 79' lang='lat' dir='ltr'><strong>accurity</strong></span> 
     </span>
     <span class='ocr_line' id='line_1_74' title="bbox 201 4268 1306 4344; baseline 0.002 -21"><span class='ocrx_word' id='word_1_524' title='bbox 201 4269 248 4323; x_wconf 86' lang='lat' dir='ltr'><strong>for</strong></span> <span class='ocrx_word' id='word_1_525' title='bbox 262 4268 311 4324; x_wconf 91' lang='lat' dir='ltr'><strong>the</strong></span> <span class='ocrx_word' id='word_1_526' title='bbox 324 4271 429 4333; x_wconf 81' lang='lat' dir='ltr'><strong>future,</strong></span> <span class='ocrx_word' id='word_1_527' title='bbox 443 4270 481 4341; x_wconf 84' lang='lat' dir='ltr'><strong>by</strong></span> <span class='ocrx_word' id='word_1_528' title='bbox 495 4270 632 4342; x_wconf 87' lang='lat' dir='ltr'><strong>hoatagea,</strong></span> <span class='ocrx_word' id='word_1_529' title='bbox 646 4271 770 4343; x_wconf 87' lang='lat' dir='ltr'><strong>pledgea‚</strong></span> <span class='ocrx_word' id='word_1_530' title='bbox 786 4287 819 4325; x_wconf 88' lang='lat' dir='ltr'><strong>or</strong></span> <span class='ocrx_word' id='word_1_531' title='bbox 840 4272 961 4327; x_wconf 77' lang='lat' dir='ltr'><strong>income</strong></span> <span class='ocrx_word' id='word_1_532' title='bbox 981 4273 1063 4327; x_wconf 87' lang='lat' dir='ltr'><strong>other</strong></span> <span class='ocrx_word' id='word_1_533' title='bbox 1083 4289 1152 4344; x_wconf 82' lang='lat' dir='ltr'><strong>way.</strong></span> <span class='ocrx_word' id='word_1_534' title='bbox 1197 4273 1255 4328; x_wconf 89' lang='lat' dir='ltr'><strong>But</strong></span> <span class='ocrx_word' id='word_1_535' title='bbox 1272 4273 1306 4338; x_wconf 88' lang='lat' dir='ltr'><strong>if,</strong></span> 
     </span>
     <span class='ocr_line' id='line_1_75' title="bbox 202 4354 1305 4431; baseline 0.003 -21"><span class='ocrx_word' id='word_1_536' title='bbox 202 4354 320 4422; x_wconf 82' lang='lat' dir='ltr'><strong>besides,</strong></span> <span class='ocrx_word' id='word_1_537' title='bbox 336 4356 385 4412; x_wconf 86' lang='lat' dir='ltr'><strong>the</strong></span> <span class='ocrx_word' id='word_1_538' title='bbox 400 4357 527 4426; x_wconf 79' lang='lat' dir='ltr'><strong>injustice</strong></span> <span class='ocrx_word' id='word_1_539' title='bbox 539 4356 572 4411; x_wconf 85' lang='lat' dir='ltr'><strong>oi</strong></span> <span class='ocrx_word' id='word_1_540' title='bbox 584 4373 631 4429; x_wconf 80' lang='lat' dir='ltr'><strong>my</strong></span> <span class='ocrx_word' id='word_1_541' title='bbox 642 4373 743 4429; x_wconf 80' lang='lat' dir='ltr'><strong>enemy</strong></span> <span class='ocrx_word' id='word_1_542' title='bbox 752 4363 782 4413; x_wconf 88' lang='lat' dir='ltr'><strong>te</strong></span> <span class='ocrx_word' id='word_1_543' title='bbox 793 4374 840 4412; x_wconf 90' lang='lat' dir='ltr'><strong>me</strong></span> <span class='ocrx_word' id='word_1_544' title='bbox 854 4357 890 4414; x_wconf 88' lang='lat' dir='ltr'><strong>be</strong></span> <span class='ocrx_word' id='word_1_545' title='bbox 905 4375 972 4431; x_wconf 83' lang='lat' dir='ltr'><strong>very</strong></span> <span class='ocrx_word' id='word_1_546' title='bbox 984 4359 1105 4424; x_wconf 77' lang='lat' dir='ltr'><strong>evident,</strong></span> <span class='ocrx_word' id='word_1_547' title='bbox 1120 4357 1176 4413; x_wconf 91' lang='lat' dir='ltr'><strong>and</strong></span> <span class='ocrx_word' id='word_1_548' title='bbox 1188 4358 1225 4414; x_wconf 91' lang='lat' dir='ltr'><strong>he</strong></span> <span class='ocrx_word' id='word_1_549' title='bbox 1237 4376 1305 4415; x_wconf 91' lang='lat' dir='ltr'><strong>con·</strong></span> 
     </span>
    </p>
   </div>
   <div class='ocr_carea' id='block_1_10' title="bbox 0 0 1475 4906">
    <p class='ocr_par' dir='ltr' id='par_1_10' title="bbox 0 0 1475 4906">
     <span class='ocr_line' id='line_1_76' title="bbox 0 0 1475 4906; baseline 0 0"><span class='ocrx_word' id='word_1_550' title='bbox 0 0 1475 4906; x_wconf 95' lang='lat' dir='ltr'><strong> </strong></span> 
     </span>
    </p>
   </div>
  </div>
 </body>
</html>
