2916 4906
137 238 317 308 cmxix]
447 241 499 296 on
521 242 612 297 rme
634 242 755 297 menn
777 242 937 301 nosnos,
1176 237 1239 302 303
1343 211 1345 214 ’

742 408 872 480 Optimus
887 409 934 463 ille

352 494 470 558 Militis,
485 494 530 549 eui
545 501 719 566 postremum
732 495 911 566 primumque
925 495 999 549 tueri

352 576 449 635 'luter
463 580 538 636 bella
552 580 646 635 fidem.

137 676 313 765 Xenophon
332 679 489 744 Oratione
502 681 544 743 de
556 679 719 763 Apeeiiao,
737 674 823 745 airu
835 673 928 767 μέγα
940 676 994 746 καὶ
1012 672 1115 745 καλου
1128 675 1239 760 κτῆμα
1250 702 1324 753 caps
1335 705 1371 754 ιι

137 779 208 849 τοῖς
235 806 275 845 τε
296 769 414 850 ἄλλοις
434 774 537 846 ἅπασι
559 777 610 844 καὶ
629 769 718 867 dvdpi
744 770 782 857 dri
805 779 1006 869 στρατηγῷ,
1030 773 1072 845 τὸ
1089 771 1178 845 ὅσιόν
1196 807 1238 848 τε

136 874 189 943 καὶ
207 870 331 944 πιστόν
348 877 429 943 εἶναι
450 906 490 945 rs
511 874 564 944 καὶ
581 870 664 943 ὄντα
687 873 861 966 ἐγνῶσθαι·
889 889 984 942 tanta
1006 889 1139 963 tamque
1149 902 1237 963 prte-

137 975 232 1038 oiuru
248 998 300 1040 res
314 979 413 1041 estin
435 978 584 1041 omnibns
600 977 743 1062 quidem,
767 978 823 1041 sed
837 979 1008 1061 proeeipne
1030 979 1066 1040 in
1085 978 1236 1061 dntibus,

137 1074 304 1158 reiipionis
326 1087 357 1139 et
372 1076 453 1158 fidei
475 1077 677 1140 observantes
694 1097 759 1141 esse
783 1087 883 1161 atque
906 1077 1030 1140 heberi.
1081 1075 1238 1142 Aristides

138 1171 301 1238 Leuctrica
328 1185 459 1259 quarta:
487 1169 521 1241 ἐν
551 1171 659 1270 εἰρήνῃ
688 1171 741 1242 καὶ
766 1165 921 1246 σπονδαῖς
949 1169 1100 1252 μάλιστα
1128 1175 1160 1241 οἱ
1190 1171 1341 1284 τᾶξοῗὲροῐ·

137 1262 241 1338 diruta
258 1273 362 1340 ποιεῖν
377 1268 570 1357 βουλόμενοι
586 1274 760 1366 κρίνονται·
786 1277 823 1336 in
836 1295 920 1358 pace
938 1274 1081 1359 aliisque
1091 1275 1237 1359 publicis
1264 1261 1270 1274 ⁹
1335 1263 1341 1275 ⁹

136 1373 403 1437 conventionibus
427 1375 597 1439 servandis
625 1376 765 1438 monime
798 1384 986 1459 spectantur
1018 1375 1076 1459 qui
1095 1377 1237 1454 justitio

136 1471 289 1534 student:
307 1478 342 1535 ut
358 1470 439 1535 enim
456 1480 541 1537 reete
558 1471 637 1538 dixit
655 1471 765 1536 Cicero
782 1473 821 1536 de
837 1472 979 1536 Finibus
996 1470 1124 1558 quinto:
1147 1495 1237 1540 nemo
1250 1488 1334 1537 canet·

136 1580 183 1633 est
199 1571 336 1649 quinon
348 1571 433 1635 tune
447 1572 646 1655 affectionem
662 1573 769 1636 animi
782 1572 898 1655 probet
911 1583 1010 1654 atque
1028 1572 1150 1648 nudet,
1169 1595 1236 1654 qua

136 1688 199 1731 non
224 1669 316 1732 modo
343 1669 477 1735 utilitas
507 1670 607 1756 nulla
633 1672 801 1754 queritur,
829 1672 885 1735 sed
916 1682 1030 1736 eontra
1058 1671 1238 1740 utilitatem

135 1768 233 1830 etiam
251 1776 467 1833 conservatur
476 1770 569 1851 sides.
1337 1758 1339 1762 ’

207 1866 228 1929 2
260 1865 390 1932 Publica
410 1866 497 1942 fides,
516 1874 552 1932 ut
571 1865 656 1953 opud
677 1872 800 1952 petrem
820 1872 869 1930 est
892 1864 1126 1948 Quintilianum,
1153 1868 1237 1937 inter
1250 1888 1355 1933 nect-sn.

135 1971 273 2029 armatos
297 1966 402 2030 hostes
420 1965 558 2032 inducias
579 1965 662 2042 feeit,
689 1964 864 2030 deditorum
888 1964 1046 2032 civitatum
1065 1966 1141 2055 jure
1165 1990 1237 2035 eon·

135 2071 248 2129 servet.
298 2064 391 2151 Apud
411 2065 543 2131 eundem
565 2064 658 2131 alibi:
673 2067 760 2148 fides
778 2087 966 2149 supremum
988 2089 1101 2131 rernm
1123 2067 1236 2132 tuma·
1250 2082 1354 2121 ”td-³⁴²

136 2183 257 2227 narum
275 2166 443 2230 vinculum
462 2178 529 2232 est:
554 2186 652 2231 suoru
670 2166 746 2229 lane
762 2166 846 2248 fidei
861 2166 947 2229 inter
970 2167 1081 2232 hostes.
1135 2167 1186 2233 Sic
1203 2178 1237 2234 et

137 2260 337 2327 Ambrosius:
366 2265 464 2344 liquet
489 2265 594 2348 ipitur
618 2265 717 2329 etiam
740 2264 777 2326 in
798 2264 877 2328 bello
893 2265 996 2350 fidem
1022 2277 1052 2330 et
1066 2265 1235 2348 justitiam
1248 2284 1362 2325 nsum

136 2362 265 2424 enveri
281 2373 433 2447 oportere.
472 2363 515 2427 Et
529 2355 766 2450 ''Augustinusz
779 2363 863 2445 fides
877 2364 1008 2446 qnando
1016 2365 1233 2447 promittitur,
1247 2333 1367 2480 ffw

137 2461 237 2523 etium
257 2461 342 2526 hosti
358 2463 518 2526 ineunda
536 2475 581 2527 est
602 2473 716 2527 eontra
732 2483 825 2545 quem
846 2460 961 2525 delium
976 2464 1120 2545 peritur:
1147 2462 1234 2528 nimi·
1350 2459 1355 2470 '

135 2579 205 2621 rum
221 2557 326 2624 hostes
343 2558 395 2645 qui
413 2567 494 2636 sunt,
520 2560 660 2625 homines
677 2581 743 2624 esse
760 2580 823 2622 non
840 2557 992 2624 desinunt.
1033 2560 1081 2626 At
1096 2560 1236 2628 homines

136 2677 250 2734 omnes,
272 2657 326 2743 qui
345 2657 387 2722 sd
412 2657 541 2724 rationis
562 2680 651 2724 usum
672 2666 893 2744 pervenerunt,
916 2678 1044 2742 eapsees
1064 2668 1137 2725 sunt
1154 2660 1236 2746 juris

135 2777 176 2819 ex
198 2755 357 2842 promisso.
411 2757 558 2823 Camillus
582 2756 667 2844 apud
687 2755 808 2821 Livium
830 2755 884 2832 eit,
911 2758 977 2822 sibi
996 2778 1068 2822 eum
1085 2762 1235 2828 Faliscis
1248 2781 1366 2826 tuen

135 2877 207 2919 eam
223 2878 288 2921 esse
303 2857 495 2933 societatem,
511 2879 607 2944 quum
624 2857 826 2941 inpeneravit
840 2867 973 2919 statura.
1019 2929 1024 2937 ⁶

206 2956 228 3017 3
259 2957 309 3020 En
324 2955 383 3020 hee
399 2964 504 3021 sutem
520 2955 667 3021 societate
683 2952 812 3019 rationis
827 2962 859 3020 et
875 2952 1026 3020 sermonis
1041 2956 1181 3024 nuscitur
1198 2982 1237 3026 en

177 3142 269 3188 ⁸Inter
284 3142 346 3189 hello
355 3140 443 3202 fidem]
459 3142 592 3188 Archelaus
606 3141 661 3202 phl·
708 3138 751 3185 dat
771 3139 841 3199 huJ'ns
860 3139 956 3186 virtutis
975 3140 1072 3189 nomine
1092 3143 1235 3194 Airleennm

134 3216 248 3276 losophns
264 3217 328 3275 apud
343 3217 481 3276 Appianum
500 3216 612 3263 Ciuilium
624 3228 661 3265 rr.
708 3216 824 3261 minorem
835 3216 957 3262 Diodorus
968 3217 1061 3263 Siculus
1071 3218 1096 3265 ln
1106 3219 1236 3281 Excerptis

134 3290 242 3337 orrouddr
261 3291 303 3337 ἐπὶ
327 3296 382 3337 τοῖς
408 3291 491 3349 ὅρκοις
517 3291 661 3348 ἐσπένδετο,
708 3290 877 3339 Peirettiam't.
902 3291 1052 3351 (Pegusa)

134 3367 174 3411 καὶ
188 3365 271 3424 διξιιίο
286 3364 407 3423 ἐτίθεσθε,
423 3366 449 3410 οἳ
462 3364 504 3411 καὶ
519 3364 590 3424 erupti
605 3370 661 3413 τοῖο
753 3365 933 3426 ιΑιιρνιιὶιίιιιο]
955 3366 1004 3419 Qui
1019 3366 1083 3411 idem
1102 3380 1232 3426 trgumen·

133 3439 658 3498 πολεμίοιςὶσχύονσι’[ιᾶινα,ἰιιναθῖὺ,ὺ·
706 3443 760 3486 tum
774 3439 824 3486 late
839 3443 929 3486 uastat
944 3439 1045 3496 epistola
1060 3451 1155 3487 edm.
1168 3440 1235 3500 (126.

134 3511 203 3555 distis
218 3511 335 3566 desieras,
351 3525 401 3570 qum
417 3512 488 3558 ιιίοιιι
508 3512 569 3558 inter
583 3512 660 3558 hostes
706 3516 837 3562 secundnm
848 3528 937 3561 norum
947 3514 1109 3575 divisionem.)

134 3584 219 3630 valent.
237 3583 308 3644 (Peg.
321 3585 372 3631 628.
380 3585 431 3632 Ed.
442 3585 475 3633 H.
488 3584 579 3644 Stept.)
594 3585 659 3631 Len.

134 3831 232 3888 nrmed
248 3830 381 3895 onemies,
402 3829 459 3884 and
478 3846 622 3902 presentes
639 3831 690 3887 the
704 3831 793 3905 rights
811 3833 845 3888 oi
863 3834 1049 3892 surrendered
1070 3838 1159 3897 citios.
1205 3844 1234 3900 it

133 3921 156 3974 is
172 3917 221 3973 the
235 3933 367 3988 supreme
388 3917 436 3981 tie,
458 3933 488 3971 as
503 3914 540 3970 he
555 3915 707 3973 elsewhere
728 3935 799 3990 suys.
838 3920 877 3977 So
889 3920 1043 3988 Ambroser
1065 3922 1230 3996 Augustine.

133 4006 167 4060 In
188 4004 255 4067 fuet,
270 4002 351 4057 those
368 4001 431 4057 who
443 4018 492 4057 ure
506 4001 629 4057 onemies
642 4003 679 4059 do
691 4009 742 4059 not
754 4022 833 4061 cesse
845 4012 876 4061 to
890 4006 926 4062 be
937 4024 1018 4064 men:
1041 4008 1095 4064 bnt
1108 4012 1147 4065 ull
1165 4030 1232 4069 men

134 4088 209 4155 (who
229 4088 300 4143 here
320 4087 369 4143 the
392 4104 442 4143 uso
463 4087 497 4143 of
515 4086 629 4156 resson)
650 4105 699 4145 ero
722 4093 839 4163 capable
860 4093 895 4148 of
912 4093 1016 4166 haring
1035 4095 1126 4167 rights
1148 4100 1232 4169 giren

133 4174 212 4229 them
230 4173 269 4243 by
290 4175 421 4245 promise.
467 4175 506 4229 So
527 4174 661 4230 camillus
677 4176 707 4230 in
722 4177 802 4249 Livy.

193 4264 209 4312 3
240 4259 299 4313 Out
323 4258 357 4314 of
371 4259 420 4315 the
441 4275 572 4315 common
590 4277 641 4317 use
662 4261 696 4316 of
713 4279 814 4318 resson
834 4263 891 4319 snd
908 4263 1055 4337 lengusge,
1074 4266 1161 4321 erises
1182 4267 1232 4322 the

135 4343 288 4414 obligation
308 4343 380 4399 from
399 4346 530 4416 promise,
551 4347 584 4402 of
597 4347 689 4402 which
703 4364 745 4404 we
762 4350 858 4422 spesi.
895 4351 958 4406 Nor
973 4366 1022 4407 ure
1037 4367 1078 4406 we
1098 4357 1128 4407 to
1150 4350 1232 4407 think
