2916 4906
215 211 278 276 182
592 219 644 274 Da
665 218 928 276 POSTbIMINIO.
1172 216 1246 286 [Lm.
1257 216 1310 273 111.

214 384 347 474 majores
365 383 505 465 omnin03
532 384 677 463 minores,
695 385 721 452 si
737 385 821 454 intra
839 383 1075 473 quadriennium
1095 405 1116 450 a
1136 383 1314 472 receptione

215 485 429 564 vindicentnr3
447 485 506 551 nisi
520 484 604 572 quod
620 507 723 552 arcem
740 487 820 552 bello
837 485 980 554 amissam
993 492 1026 551 et
1038 483 1315 571 quomodocunque

215 594 432 674 recuperatam
447 584 603 651 retinendi
615 584 668 670 jus
684 607 741 650 rex
759 585 863 651 habet.

291 686 381 752 XIV.
429 687 448 750 1
483 686 535 750 De
559 684 723 750 mobilibus
747 683 902 773 generalis
926 682 959 748 in
984 683 1174 750 contrarium
1203 683 1316 773 regula

217 791 274 862 est,
295 792 332 850 ut
356 783 542 872 postliminio
568 805 631 849 non
654 782 796 860 redeant,
822 782 877 849 sed
901 782 933 848 in
958 783 1067 870 proeda
1085 783 1165 850 sint:
1189 790 1226 849 ut
1247 783 1316 849 haec

217 884 346 970 opponit
362 884 475 949 Labeo.
524 884 631 961 Quare
647 891 680 949 et
696 882 878 949 commercio
895 890 1014 970 parata,
1032 881 1208 969 ubieunque
1225 902 1318 968 repe-

217 983 350 1059 riuntur,
372 990 500 1048 manent
516 982 592 1069 ejus,
608 981 661 1068 qui
682 981 777 1048 emit:
802 1003 859 1048 nec
874 981 958 1069 apud
974 989 1101 1069 pacatos
1117 989 1245 1068 reperta
1260 990 1317 1047 aut

217 1081 301 1148 intra
318 1081 394 1147 lines
410 1081 561 1170 perducta
573 1080 750 1148 vindicandi
761 1080 814 1168 jus
831 1089 878 1148 est
893 1080 993 1148 reteri
1009 1080 1141 1146 dominc.
1194 1080 1258 1146 Sed
1275 1081 1317 1147 ab

218 1182 277 1247 hac
293 1181 404 1271 regula
418 1181 559 1248 videmus
582 1180 655 1246 olim
678 1188 819 1268 excepta,
836 1202 907 1267 quae
921 1178 955 1244 in
971 1179 1053 1245 bello
1072 1202 1162 1246 nsum
1179 1180 1316 1246 habent:

218 1281 302 1367 quod
318 1280 389 1345 ideo
411 1279 560 1367 placuisse
585 1280 730 1369 gentibus
750 1279 883 1359 ridetur,
900 1287 937 1346 ut
958 1278 1165 1365 recuperandi
1184 1301 1255 1366 spes
1274 1279 1317 1345 ad

219 1400 258 1445 ea
291 1380 499 1465 comparanda
531 1379 697 1445 alacriores
729 1379 870 1444 homines
899 1379 1057 1445 redderet.
1108 1377 1318 1445 Plurimarum

219 1478 301 1544 enim
327 1477 486 1544 civitatum
508 1476 651 1544 instituta
671 1501 708 1544 eo
729 1487 870 1566 tempore
889 1478 932 1544 sd
952 1500 1019 1544 rem
1041 1477 1181 1543 bellicam
1200 1477 1318 1543 refere-

220 1578 354 1644 bantur:
380 1598 478 1663 quare
499 1576 588 1644 facile
611 1576 645 1641 in
664 1578 723 1643 hoc
743 1599 924 1644 consensum
941 1586 998 1644 eat.
1050 1577 1150 1643 Usum
1166 1583 1270 1642 sutem
1285 1576 1319 1641 in

220 1677 301 1742 bello
317 1676 386 1742 hac
412 1676 529 1742 habere
552 1685 716 1743 censentur
740 1698 812 1763 quac
834 1677 925 1742 modo
944 1698 985 1742 ex
1006 1675 1097 1743 Gallo
1111 1675 1198 1741 AElio
1213 1675 1319 1741 attuli-

219 1797 297 1852 mus,
311 1775 367 1840 sed
383 1795 452 1860 quae
470 1774 641 1842 distinctius
657 1776 799 1863 exposita
814 1783 941 1842 exstant
957 1783 1023 1842 tum
1039 1775 1124 1862 apud
1138 1774 1318 1840 Ciceronem

56 1893 132 1942 aaa
193 1912 201 1923 ·
219 1875 251 1940 in
267 1874 398 1961 Topicis,
417 1883 482 1940 tum
498 1873 583 1960 apud
600 1874 819 1942 Modestinum.
851 1876 958 1940 Nares
974 1874 1090 1940 scilieet
1104 1873 1207 1963 longae
1223 1881 1319 1960 atque

56 1950 198 2044 iisdem
220 1973 381 2048 onerariae,
411 1995 474 2037 non
502 1973 577 2038 item
608 1972 732 2040 lusorias
761 1983 817 2040 aut
844 1972 1001 2050 οοιιιιιιίιο,
1028 1972 1197 2059 voluptatis
1224 1993 1319 2039 cansa

219 2080 358 2160 parata:
376 2071 461 2149 muli,
475 2072 531 2137 sed
547 2070 720 2140 clitellarii:
736 2073 809 2160 equi
824 2081 859 2140 et
870 2094 969 2160 equa,
987 2072 1042 2138 sed
1058 2071 1139 2137 freni
1156 2071 1318 2159 patientes

58 2189 199 2277 sum&
221 2173 266 2237 Et
282 2173 333 2237 hae
350 2193 401 2237 res
417 2178 499 2247 sunt,
517 2192 595 2257 quas
614 2179 648 2238 et
666 2171 766 2260 legari
784 2180 871 2238 recte
892 2171 1059 2237 voluerunt
1075 2169 1218 2248 Romani,
1236 2177 1270 2235 et
1286 2169 1320 2236 in

57 2282 201 2369 dmg·
220 2270 437 2359 praelationes
452 2269 577 2336 familiae
594 2270 806 2336 herciscundae
822 2271 940 2339 venire.

55 2372 191 2466 mg„
297 2372 318 2435 2
352 2371 450 2436 Arma
467 2376 500 2435 et
516 2367 610 2435 vestis
626 2391 716 2435 usum
733 2369 858 2456 quidem
873 2369 906 2434 in
922 2367 1004 2435 bello
1020 2368 1147 2449 habent,
1164 2368 1220 2434 sed
1235 2376 1320 2456 post·

55 2463 109 2506 Μ
221 2467 337 2534 liminio
360 2492 422 2534 non
447 2467 600 2545 redibant,
627 2467 701 2554 quia
722 2467 847 2534 minime
871 2467 1058 2533 favorabiles
1083 2475 1183 2543 erant,
1210 2468 1321 2554 quiin

222 2567 304 2634 bello
321 2589 409 2633 arma
425 2575 482 2633 aut
497 2575 614 2632 vestem
632 2566 831 2633 amitterent:
851 2566 912 2632 imo
929 2566 961 2633 id
978 2565 1088 2655 flagitii
1102 2567 1169 2632 loco
1184 2566 1321 2633 habeba·

221 2675 284 2744 tur,
310 2675 346 2733 ιιι
370 2666 483 2754 passim
508 2665 540 2731 in
563 2665 700 2731 historiis
724 2674 866 2754 apparet.
913 2666 1018 2751 Atque
1042 2665 1075 2730 in
1092 2664 1151 2730 boc
1170 2673 1321 2731 notantur

222 2788 311 2832 arma
327 2766 368 2832 ab
385 2788 464 2854 equo
481 2765 607 2840 distare,
625 2765 709 2851 quod
726 2787 824 2851 equus
839 2765 905 2831 sine
922 2765 1014 2852 culpa
1030 2763 1141 2852 equitis
1158 2763 1320 2852 proripere

221 3018 356 3082 counties,
373 3017 430 3072 and
446 3017 606 3091 hereditary
621 3020 820 3090 jurisdictione,
837 3037 886 3076 are
903 3019 1030 3077 restored
1046 3021 1085 3093 by
1101 3022 1322 3092 postliminium

221 3104 270 3158 the
285 3105 374 3173 major
388 3119 464 3168 ones,
478 3104 650 3176 absolutely;
665 3105 714 3159 the
728 3107 828 3170 minor,
842 3107 868 3160 if
880 3106 946 3178 they
962 3123 1010 3161 are
1024 3107 1144 3162 claimed
1157 3107 1255 3162 within
1267 3109 1322 3163 lire

221 3207 302 3262 years
317 3190 390 3244 from
408 3189 483 3243 their
495 3205 647 3262 recovcry3
661 3198 761 3262 except
776 3191 840 3246 that
857 3193 953 3257 afort,
973 3193 1028 3248 lost
1045 3193 1102 3248 and
1116 3194 1258 3265 regained,
1272 3194 1322 3250 the

221 3275 291 3346 lring
304 3274 355 3330 has
368 3274 417 3329 the
432 3274 508 3347 right
523 3275 555 3328 oi
566 3276 715 3347 retaining.

274 3361 355 3416 XIV.
395 3366 409 3414 1
433 3360 610 3432 Conceruing
624 3362 790 3426 moveuhlcs,
805 3378 842 3416 on
857 3362 906 3417 tho
921 3361 1003 3418 othor
1016 3362 1101 3429 hand,
1124 3365 1174 3421 the
1190 3370 1323 3438 contrary

222 3446 285 3501 rulo
299 3447 329 3500 in
349 3447 463 3517 general
482 3446 580 3502 holds:
600 3447 663 3502 that
679 3448 747 3519 they
763 3447 799 3502 do
815 3454 867 3504 not
883 3455 982 3504 return
993 3450 1031 3522 by
1045 3450 1256 3522 postliminium,
1270 3451 1323 3507 bnt

221 3532 338 3586 become
351 3533 434 3603 prise.
469 3534 567 3588 Hence
580 3534 686 3604 objecta
703 3534 736 3589 of
749 3535 844 3599 traffic,
862 3534 1004 3590 wherever
1015 3534 1130 3607 bought,
1142 3538 1259 3592 become
1273 3537 1323 3593 the

222 3625 356 3689 property
378 3618 411 3672 oi
427 3618 488 3672 him
506 3618 568 3674 who
588 3620 660 3692 buys
675 3620 768 3675 them:
791 3622 847 3675 and
867 3620 893 3674 if
907 3620 997 3676 found
1016 3638 1119 3693 among
1138 3623 1272 3687 neutrale,
1290 3639 1324 3676 or

221 3703 345 3774 brought
359 3703 451 3770 homo,
466 3711 570 3760 cannot
587 3707 625 3761 be
639 3706 757 3761 claimed
775 3706 814 3779 by
832 3705 882 3762 the
901 3707 949 3762 old
969 3725 1072 3762 owner.
1110 3709 1167 3762 But
1178 3707 1253 3763 from
1267 3706 1324 3764 thie

221 3790 292 3860 rule,
304 3806 376 3844 were
387 3792 521 3862 excepted
530 3793 666 3864 formerly
674 3793 827 3848 munitione
840 3793 872 3848 of
880 3811 949 3859 war3
963 3793 1012 3848 the
1024 3810 1124 3848 reason
1134 3794 1229 3865 being,
1237 3810 1324 3866 appa·

221 3875 324 3945 rently‚
347 3874 410 3929 that
432 3893 497 3930 men
518 3878 608 3948 might
627 3879 663 3932 bc
683 3894 762 3933 more
785 3879 875 3933 active
898 3880 928 3933 in
949 3881 1112 3950 recovering
1133 3878 1221 3935 these.
1267 3881 1324 3934 For

221 3976 306 4031 many
321 3964 408 4014 etates
419 3961 490 4016 have
505 3963 580 4017 their
590 3964 657 4018 lawe
672 3964 754 4018 made
769 3964 919 4036 especially
930 3965 997 4018 with
1009 3982 1027 4019 a
1042 3966 1110 4021 view
1125 3972 1156 4020 tc
1168 3982 1232 4019 war.
1270 3966 1324 4021 We

221 4045 293 4100 have
304 4046 419 4117 already
430 4046 523 4101 stated
534 4048 610 4102 what
623 4065 672 4102 aro
686 4049 839 4104 munitione
852 4049 885 4104 of
896 4067 961 4105 war.
989 4048 1056 4118 [See
1066 4051 1126 4105 also
1139 4051 1246 4116 Cicero,
1257 4048 1324 4119 iro]

274 4138 291 4184 2
314 4131 396 4186 Arme
407 4132 462 4185 and
476 4132 600 4204 clothing
611 4133 682 4188 hare
697 4132 772 4188 their
783 4151 833 4189 nse
847 4136 876 4188 in
888 4152 953 4200 war,
967 4136 1019 4191 but
1036 4136 1093 4191 bed
1107 4145 1158 4192 not
1176 4137 1225 4192 the
1239 4138 1325 4209 priri-

221 4217 284 4288 legc
297 4218 329 4272 oi
339 4218 556 4289 postliminium
568 4219 687 4274 because
700 4220 766 4291 they
778 4219 840 4274 who
852 4221 907 4275 lost
919 4221 997 4275 them
1010 4240 1081 4278 wore
1093 4224 1167 4278 little
1178 4222 1325 4290 favourcd,

221 4303 325 4358 indeed
344 4320 415 4359 were
435 4303 589 4375 disgrsced.
634 4305 698 4359 And
715 4321 746 4362 so
764 4322 782 4360 a
798 4306 880 4361 horse
898 4308 921 4361 is
936 4307 1067 4364 different
1085 4309 1115 4363 in
1136 4309 1192 4364 this
1212 4316 1326 4381 respect

220 4388 296 4445 from
312 4407 405 4458 arms3
425 4389 472 4446 for
489 4391 537 4446 tho
556 4391 640 4448 horse
660 4408 726 4465 may
744 4391 781 4448 be
800 4392 856 4448 lost
875 4392 994 4449 without
1015 4394 1089 4450 fault
1112 4395 1146 4451 cf
1165 4395 1214 4452 the
1234 4395 1322 4451 ridor.
