2916 4906
267 221 309 283 lt
526 231 719 297 QUANTUM
739 233 784 289 m
803 234 929 292 Besso
950 236 1098 304 meatu,
1225 237 1298 308 [hm.
1313 239 1366 295 111.

265 393 311 460 Et
326 392 455 461 Pindari
472 402 520 462 est
537 398 716 480 (Isthmiae.
735 419 778 464 ιν.
798 401 875 485 82):

568 513 624 586 Χρὴ
647 515 676 569 δὲ
696 519 748 571 πᾶν
769 516 813 585 ἕρ·

566 598 635 655 tm’
656 599 808 674 dpnvpeeas
824 604 870 659 τὸν
886 603 990 677 exesor.

569 703 685 768 Quidvis
698 705 809 776 agendo
823 706 930 762 scilicet
943 706 1052 763 hostica

564 788 695 845 Delenda
709 791 750 846 vis
764 798 816 848 est.

264 884 363 972 Apud
379 883 546 974 Virgilium
565 882 720 972 [AEnsid.
737 887 768 955 ii.
787 912 817 956 v.
836 888 919 978 300]
938 912 1061 977 quoque
1078 890 1193 960 dictum
1210 892 1297 973 illud,

477 1005 568 1062 Dolus
582 1023 620 1061 an
634 1008 722 1064 virtus
735 1009 797 1079 quis
811 1008 842 1065 iu
856 1008 937 1065 hoste
950 1011 1096 1081 requirat?

262 1101 403 1190 sequitur
417 1102 485 1190 ipse

652 1205 788 1278 Riphens,
799 1206 968 1278 justissimus
982 1224 1055 1262 unus

479 1291 534 1356 Qui
548 1291 605 1346 fuit
618 1291 648 1346 in
663 1293 778 1348 Teucris
793 1299 823 1347 et
836 1293 1059 1348 servantissimus
1073 1293 1155 1365 requi.

262 1398 305 1464 Et
330 1396 445 1487 legitur
467 1398 526 1463 hoc
542 1398 642 1485 ipsum
668 1398 806 1464 imitatus
831 1398 991 1485 sapientia
1012 1399 1135 1466 nomine
1156 1400 1364 1472 nobilissimus

97 1509 238 1552 munte·
264 1497 368 1564 Solon.
422 1496 515 1565 Silius
532 1495 564 1564 in
581 1497 675 1564 rebus
693 1496 783 1563 Fabii
800 1496 951 1564 Maximi:

96 1558 248 1649 mvii-³²7·
605 1616 678 1670 Exin
692 1616 790 1671 virtuti
804 1615 912 1689 placuit
926 1616 1015 1672 dolus.

334 1717 356 1780 2
390 1713 484 1801 Apud
504 1714 676 1779 Homerum
692 1713 824 1801 Ulysses
842 1713 902 1779 viri
919 1713 1066 1802 sapientis
1090 1717 1276 1805 exemplum,
1293 1720 1360 1809 ple-

261 1835 320 1879 nus
336 1811 450 1901 ubique
466 1812 620 1878 fraudium
633 1812 665 1877 in
682 1814 822 1879 hosium:
839 1813 923 1879 uude
941 1813 1095 1880 Lucienus
1109 1818 1250 1907 regulam
1268 1819 1361 1898 elicit,

95 1928 228 1972 uersus
261 1912 354 1979 laude
379 1913 490 2003 dignos
506 1912 560 1997 qui
582 1914 704 1979 hostem
723 1911 845 1978 fallunt
890 1912 978 1978 Nihil
994 1913 1100 1978 utilius
1125 1915 1157 1979 in
1179 1916 1259 1982 bello
1283 1919 1362 1986 dolis

92 1978 212 2070 &w
262 2012 437 2099 Xenophon
461 2010 552 2090 dixit,
578 2018 611 2077 et
643 2009 792 2077 Brasidas
816 2012 900 2099 apud
929 2011 1146 2099 Thucydidem
1178 2015 1361 2101 preclarum

94 2081 228 2168 miei
261 2109 410 2198 imprimis
434 2111 558 2177 landem
578 2132 647 2176 esse
669 2132 709 2176 ex
733 2102 826 2177 l¹belli
852 2110 963 2178 furtis:
991 2120 1023 2177 et
1048 2110 1132 2198 apud
1157 2113 1360 2182 Plutarchum

94 2175 227 2304 3552:
261 2210 425 2298 Agesilaus
442 2210 547 2275 hostes
564 2209 707 2295 decipere
727 2218 760 2276 et
771 2208 890 2296 justum
907 2219 940 2275 et
955 2209 1071 2275 licitum
1089 2232 1168 2277 esse.
1200 2213 1359 2301 Polybius,

95 2307 239 2441 ffiffl·
260 2331 331 2395 quae
348 2308 379 2374 vi
395 2308 473 2374 fiunt
489 2307 522 2373 in
538 2308 619 2374 bello
632 2307 759 2374 minoris
776 2309 938 2387 censenda,
952 2330 1046 2394 quam
1061 2331 1132 2395 quae
1145 2332 1185 2376 ex
1202 2313 1361 2379 occasione

136 2412 149 2450 y
178 2401 235 2440 ln.

261 2416 294 2474 et
309 2406 400 2475 dolo:
418 2417 451 2474 et
466 2429 506 2473 ex
522 2429 559 2473 eo
577 2405 671 2473 Silius
687 2407 856 2474 Corvinum
872 2407 915 2473 sie
932 2407 1049 2474 inducit
1062 2409 1261 2494 loquentem:

424 2517 604 2584 ¹Bellandum
618 2533 661 2583 est
675 2533 753 2584 astu:
777 2529 866 2584 levior
879 2528 941 2584 laus
955 2529 985 2583 in
999 2528 1071 2584 duce
1085 2529 1193 2586 dextra

260 2627 364 2714 Atque
383 2611 430 2694 ita
451 2627 605 2694 censuisse
627 2626 710 2713 ipsos
730 2625 799 2693 illos
819 2649 946 2694 severos
965 2628 1105 2694 Laconas
1124 2635 1214 2695 notat
1233 2627 1358 2694 Plutar-

93 2738 240 2835 ffifgw·
258 2727 343 2804 chus,
367 2748 404 2792 ac
420 2727 567 2814 majorem
588 2724 681 2792 etiam
699 2724 854 2792 victimam
875 2726 916 2793 ab
932 2748 969 2791 eo
985 2725 1184 2806 immolatam,
1204 2727 1258 2815 qui
1274 2728 1357 2806 dolo,

93 2469 141 2512 Hb.
150 2479 171 2511 r.
179 2482 200 2512 v.
207 2471 247 2512 1⁰⁰.

256 2905 274 2939 1.
289 2891 472 2948 venustate.
501 2892 782 2938 HabetAuctoreStc-
830 2893 886 2949 tius,
894 2906 965 2952 quem
975 2893 1035 2939 citat
1045 2893 1148 2940 Servius.
1169 2891 1359 2954 [VidsNonium

256 2969 316 3025 baso,
332 2969 407 3014 Serm.
419 2980 464 3012 nn.
474 2981 531 3027 pag.
542 2966 596 3014 366.
605 2965 646 3010 ubi
656 2964 781 3024 Antigono
831 2966 980 3023 Marcellum,
990 2979 1048 3012 vocs
1056 2967 1166 3024 Furtum,
1175 2981 1232 3026 pag.
1238 2970 1300 3029 310..
1308 2969 1358 3017 ls'd.

255 3042 378 3089 tribuitur.
408 3041 478 3089 Mt.
830 3038 948 3098 Meroen]

300 3117 312 3152 ¹¹
327 3114 487 3178 Bellifitrtis]
497 3116 537 3162 lu
546 3113 781 3175 etVirgiliusloqni-
875 3111 882 3146 ¹
896 3113 1039 3159 Beltcnduvs
1051 3117 1086 3159 est
1099 3111 1165 3173 usus]
1182 3114 1358 3162 Mnhsmmsdis

256 3188 783 3251 smAEsssdosxr.(vsrsolo)stsd1ns·
831 3187 922 3234 dotum
938 3188 1030 3236 simile:
1052 3187 1151 3234 sltavba
1165 3187 1309 3250 Hudv'atass,
1330 3191 1359 3238 td

254 3476 386 3519 common
399 3458 537 3530 question.
568 3458 597 3513 It
611 3457 634 3512 is
645 3455 775 3511 assumed
789 3455 851 3511 that
864 3456 888 3510 it
901 3456 934 3521 is,
946 3455 985 3528 by
999 3455 1115 3520 Homer,
1128 3453 1243 3522 Pindsr,
1256 3455 1357 3530 Virgii,

256 3549 353 3611 Solon,
366 3546 460 3601 Silius.
495 3543 565 3612 [See
579 3544 629 3600 the
642 3558 772 3615 passages
786 3538 915 3613 quoted]

308 3639 325 3687 2
347 3631 461 3703 Ulysses
473 3630 503 3685 in
518 3631 633 3694 Homer,
646 3628 696 3684 the
709 3627 838 3698 example
853 3626 914 3682 ofa
928 3626 993 3681 vvise
1007 3642 1082 3692 man,
1095 3627 1120 3683 is
1132 3626 1187 3682 full
1203 3627 1237 3682 of
1253 3632 1357 3684 strata·

255 3735 334 3792 gems
352 3717 473 3773 tovvards
489 3715 540 3772 the
555 3731 671 3787 enemy:
688 3714 746 3769 and
762 3713 870 3768 Lucian
881 3713 987 3784 praises
1001 3711 1083 3768 those
1098 3713 1162 3769 vvho
1175 3712 1289 3768 deceive
1306 3712 1357 3768 the

255 3821 366 3876 enemy.
399 3803 560 3874 Xenophon
579 3801 640 3856 said
654 3799 718 3855 that
732 3800 761 3853 in
774 3815 832 3852 vvar
846 3798 965 3869 nothing
980 3815 1034 3853 vvss
1048 3814 1081 3853 so
1094 3798 1188 3853 useful
1201 3814 1232 3852 ss
1247 3797 1356 3862 deecit:

254 3907 286 3947 so
300 3891 330 3943 in
342 3888 528 3960 Thucydides,
540 3886 687 3949 Brasidas;
705 3885 761 3940 and
772 3885 801 3937 in
813 3883 956 3947 Plutarch,
970 3884 1124 3954 Agesilaus.
1151 3882 1287 3953 Polybius
1298 3881 1356 3937 and

256 3976 341 4032 Silius
352 3991 402 4046 say
416 3974 478 4029 that
493 3975 521 4028 in
534 3990 591 4027 war
608 3971 692 4026 fraud
707 3973 730 4025 is
744 3970 838 4034 better
852 3968 921 4023 than
935 3969 1030 4032 force:
1048 3984 1079 4022 so
1094 3967 1143 4023 the
1157 3983 1254 4022 severe
1267 3967 1356 4022 Lace-

255 4061 426 4116 doemouians
438 4059 568 4130 thought,
579 4075 609 4112 as
621 4055 757 4112 Plutarch
768 4071 845 4127 says:
865 4054 922 4109 and
933 4068 965 4109 so
977 4053 1014 4108 he
1022 4053 1128 4125 praises
1141 4052 1288 4127 Lysander
1297 4052 1357 4109 sad

254 4146 448 4218 Philopemen.
494 4146 532 4200 So
547 4144 719 4198 Ammianus.

312 4239 329 4288 3
351 4231 413 4286 The
430 4232 542 4285 Roman
560 4230 663 4284 Jurists
681 4227 779 4282 cellit
798 4225 872 4298 good
887 4225 979 4281 deecit
1001 4215 1096 4297 (bonus
1116 4215 1205 4298 debu)
1225 4223 1315 4280 vhich
1336 4241 1355 4279 a

253 4336 320 4375 man
338 4318 473 4390 practises
487 4316 596 4387 against
607 4331 644 4368 sn
656 4329 765 4385 enemy,
781 4313 837 4367 and
849 4328 899 4384 say
913 4310 977 4366 that
994 4312 1018 4365 it
1033 4311 1128 4367 makes
1146 4327 1183 4366 no
1203 4310 1354 4367 difference

254 4405 380 4463 whether
391 4421 447 4479 any
455 4419 510 4460 one
519 4401 602 4458 elude
617 4400 665 4457 the
675 4416 776 4474 enemy
783 4398 822 4474 by
832 4398 910 4455 force
922 4414 956 4454 or
966 4397 1005 4473 by
1014 4397 1106 4453 fraud.
1132 4396 1352 4454 SoEustathius.
